3457 5887
851 1020 960 1060 ΛΔ).
982 1017 1092 1060 1107.

872 1908 981 1949 Α.ῐ>.
1003 1907 1114 1946 nos.

873 1957 1118 1999 Succunion

1162 830 1306 894 184.
1663 842 1929 890 noc-mu
1983 841 2077 887 nn
2122 836 2531 886 wunnovnn

1168 1001 1512 1085 ganensis,
1542 999 1630 1063 ab
1659 996 1987 1063 Anselmo
2016 993 2498 1060 cantuariensi
2528 991 3027 1075 archiepiscopo

1170 1101 1354 1186 apud
1413 1098 1938 1173 Doroberniam,
1995 1095 2106 1158 die
2168 1093 2557 1170 Dominica,
2617 1092 2819 1157 tertio
2881 1091 3030 1154 idus

1172 1200 1500 1283 Augusti.
1632 1196 1824 1262 Obiit
1878 1195 2087 1260 etiam
2139 1192 2378 1257 eodem
2429 1200 2734 1274 tempore
2778 1190 3037 1254 Mauri-

1174 1301 1337 1377 tius,
1408 1299 1772 1382 episcopus
1851 1291 2374 1370 Londoniensis,
2444 1290 2751 1356 ecclesiae
2819 1291 3036 1353 sancti

1179 1398 1380 1464 Pauli
1422 1397 1770 1472 fundator,
1800 1401 1871 1460 et
1913 1414 2040 1458 rex
2079 1392 2438 1456 Scotorum
2475 1384 2893 1473 ¹Eadgams,
2932 1391 3039 1454 cui

1179 1497 1509 1562 successit
1544 1496 1757 1561 frater
1787 1495 1938 1578 ejus
1967 1491 2387 1558 Alexander.

1264 1668 1444 1744 Quod
1475 1667 1774 1746 Girardo,
1809 1666 2189 1733 Eboraoemi
2216 1664 2689 1752 archiepiscopo,
2726 1665 2980 1732 Thomas

1971 1765 2264 1832 successit.

1288 1894 1492 1960 Anno
1532 1892 1815 1958 Domini
1851 1908 2136 1969 Mcvm„
2170 1890 2491 1955 defuncto
2526 1889 2849 1968 Girardo,
2881 1891 3044 1954 Ebo-

872 2009 1003 2047 mu„
1021 2005 1150 2047 νοοῖ
1193 1995 1458 2059 racensi
1486 1993 2024 2075 archiepiscopo,
2055 1989 2386 2067 Thomas,
2416 1992 2600 2072 regis
2639 1990 3041 2073 capellanum,

873 2057 1005 2098 York.

901 4088 1011 4127 ΛΔ).
1033 4088 1144 4128 noo.

1196 2093 1284 2158 ad
1317 2093 1501 2157 illius
1535 2092 1842 2157 ecclesiae
1888 2090 2173 2172 eligitur*
2201 2089 2689 2172 praesulatum3
2738 2090 2858 2154 sed
2892 2109 3044 2154 con-

1198 2194 1414 2270 tinuo‚
1456 2192 1643 2256 facta
1699 2189 2053 2268 electione,
2108 2187 2501 2268 Anselmus,
2545 2188 3051 2254 Cantuariensis

1200 2291 1774 2375 archiepiscopus,
1812 2288 2167 2354 interdixit
2208 2289 2295 2366 ei,
2339 2308 2426 2353 ne
2467 2309 2699 2353 curam
2750 2296 3055 2372 pastora-

1200 2392 1332 2456 lem
1380 2391 1453 2454 in
1498 2390 1732 2472 aliquo
1781 2395 2152 2466 exemeret,
2197 2388 2411 2452 donec
2463 2389 2594 2453 sibi
2646 2397 2718 2454 et
2761 2389 3059 2454 ecclesiae

1205 2489 1683 2555 cantuariensi
1751 2488 2238 2572 subjectionem
2295 2487 2551 2552 faceret
2617 2497 2689 2553 et
2749 2489 3060 2553 obedien-

1206 2590 1374 2654 tiam
1432 2589 1853 2665 canonicam,
1903 2607 2107 2669 quam
2157 2587 2286 2651 sibi
2341 2587 2647 2652 fecerant
2694 2588 3059 2670 praedeces-

1207 2708 1396 2753 sores
1430 2688 1602 2772 ejuS,
1635 2687 1937 2751 Thomas
1971 2693 2042 2751 et
2071 2685 2432 2765 Girardus,
2462 2707 2552 2751 ex
2586 2687 3059 2752 consuetudine

1209 2787 1441 2852 debita
1469 2795 1541 2852 et
1572 2787 1898 2869 antiqua3
1936 2791 1957 2820 ‘
1984 2785 2188 2864 Quod
2220 2786 2281 2850 si
2311 2786 2506 2863 haec,'
2534 2787 2778 2870 inquit,
2800 2794 2817 2822 ‘
2840 2785 3064 2850 facere

1210 2886 1536 2966 nolueris,
1549 2886 1861 2952 omnibus
1883 2884 2262 2950 Britanniae
2288 2886 2624 2970 episcopis
2644 2887 2775 2951 sub
2797 2885 3070 2951 anathe-

1213 2994 1396 3051 mate
1427 2986 1915 3063 interdicimus,
1949 3004 2036 3049 ne
2069 2986 2251 3050 ullus
2285 3005 2521 3050 eorum
2560 2987 2684 3052 tibi
2713 3006 2956 3051 manus
2984 2987 3072 3051 ad

1214 3086 1708 3170 promotionem
1766 3086 2098 3168 imponat,
2157 3104 2307 3163 nec,
2365 3087 2427 3150 si
2477 3086 2565 3150 ab
2612 3088 2871 3151 exteris
2927 3106 3078 3170 pro-

1217 3193 1444 3250 motus
1486 3185 1718 3263 fueriS,
1757 3204 1883 3267 pro
1915 3185 2235 3267 episcopo
2268 3191 2340 3250 te
2376 3185 2780 3268 suscipiant,
2815 3187 2924 3251 vel
2954 3207 3075 3270 pro

1218 3285 1540 3369 episcopo
1567 3285 1690 3350 tibi
1721 3284 2279 3349 communicando
2307 3291 2377 3348 te
2403 3284 2751 3350 habeant.'
2829 3286 3082 3351 Eodem

1221 3404 1401 3448 anno
1446 3383 1791 3449 Ricardus
1822 3383 1907 3448 de
1947 3384 2334 3462 Beaumeis‚
2376 3383 2874 3449 Londoniensis
2909 3386 3080 3450 elec-

1220 3491 1359 3561 tus,
1381 3490 1822 3547 consecratur
1836 3484 1924 3546 ab
1942 3482 2296 3560 Anselmo,
2319 3482 2800 3548 cantuariensi
2823 3486 3082 3548 archie-

1219 3582 1528 3664 piscopo,
1555 3581 1739 3663 apud
1770 3581 2146 3664 Pageham‚
2167 3583 2617 3665 praesentibus
2638 3583 3087 3667 suffraganeis

1220 3680 1478 3744 multis.
1583 3680 1842 3744 Eodem
1888 3687 2194 3765 tempore
2238 3682 2384 3764 regi
2428 3682 2850 3748 Francorum
2886 3679 3092 3748 'Phi-

1221 3780 1408 3862 lippo
1444 3778 1765 3843 defuncto
1798 3778 2204 3845 Lodowicus
2237 3782 2587 3846 successit.

1219 3950 1317 4013 De
1366 3959 1555 4014 morte
1589 3947 1749 4014 beati
1780 3950 2083 4031 Ansebmi,
2132 3956 2596 4022 Cantuam’aemis
2637 3957 3101 4046 archiepiscopi.

1322 4072 1529 4136 Anno
1566 4072 1847 4137 Domini
1880 4091 2091 4140 uem.
2122 4070 2549 4158 ³Anselmus,
2580 4080 3101 4150 cantuariensis

1293 4247 1310 4279 ¹
1334 4250 1637 4313 liudgerum]
1668 4247 1753 4298 He
1775 4249 1914 4309 died,
1934 4250 2139 4299 accord·
2256 4248 2278 4278 ²
2299 4251 2574 4317 Philippo]
2614 4253 2701 4302 He
2721 4254 2844 4303 died
2863 4254 2947 4303 the
2977 4255 3101 4304 m

1221 4319 1309 4380 ing
1332 4324 1383 4367 to
1405 4318 1660 4380 Florence,
1682 4333 1747 4367 on
1769 4318 1853 4367 the
1875 4318 1961 4368 oth
1977 4319 2138 4368 Janu-
2186 4319 2314 4382 July
2338 4337 2354 4382 ς
2401 4321 2482 4371 his
2519 4337 2779 4373 successor
2815 4324 2968 4373 Leuis
3001 4326 3102 4375 v1.

1220 4402 1328 4450 ary.
1417 4388 1616 4437 Simeon
1658 4388 1832 4450 places
1870 4388 1949 4436 his
1985 4388 2137 4438 death
2185 4405 2249 4438 on
2271 4390 2354 4439 the
2376 4396 2456 4440 lst
2475 4393 2557 4441 Au
2635 4398 2683 4441 st
2705 4396 2850 4443 1187.

1221 4462 1322 4506 two
1367 4456 1496 4518 days
1539 4458 1682 4506 later.
1786 4457 1850 4506 In
1893 4457 1977 4506 the
2015 4459 2135 4508 Sax.
2254 4457 2278 4490 ⁸
2297 4407 2716 4530 Amtnuffuue
2737 4462 2877 4524 died,
2897 4464 3108 4512 accord·

1220 4527 1408 4576 Chron.
1432 4528 1473 4575 it
1507 4527 1551 4574 is
1583 4527 1747 4576 stated
1770 4532 1820 4577 to
1854 4527 1980 4577 have
2015 4527 2137 4591 hap·
2186 4528 2273 4590 ing
2304 4534 2356 4579 to
2392 4531 2650 4595 Florence,
2679 4547 2743 4581 on
2775 4532 2859 4582 the
2888 4532 3020 4582 and
3050 4533 3115 4583 ot·

1218 4597 1380 4658 pened
1404 4612 1467 4646 on
1489 4596 1571 4645 the
1599 4596 1732 4647 mh.
2186 4598 2328 4662 May.
