3457 5887
876 790 1149 846 amans
1192 790 1728 844 mss-omnus.
2110 777 2238 843 1⁰7

365 960 441 1017 nt
491 950 755 1016 civibus
782 949 1232 1015 Antiochenis
1263 950 1640 1014 subsidium
1675 950 1924 1015 ferant.
2028 949 2240 1015 Vide·
2262 966 2372 1008 ιιι).
2390 967 2505 1007 nm

363 1059 486 1116 tur
510 1051 703 1129 mihi,
736 1051 919 1133 quod
947 1050 1035 1114 ad
1064 1048 1192 1114 hoc
1219 1049 1495 1115 deberet
1527 1050 1748 1115 omnis
1775 1058 2015 1114 nostra
2047 1049 2238 1116 sesti-
2262 1017 2556 1109 m.

363 1169 537 1215 nare
563 1151 877 1229 intentio,
907 1157 988 1214 ut
1019 1156 1179 1214 ante
1208 1149 1414 1234 hujus
1446 1149 1817 1214 adventum
1859 1149 2240 1214 multitudi-

362 1251 481 1314 nis
523 1250 770 1315 civitas
816 1251 889 1314 in
946 1255 1256 1314 nostram
1315 1249 1763 1314 descenderet
1802 1255 2239 1333 potestatem.

366 1348 582 1428 Quod
614 1351 676 1413 si
709 1350 983 1414 modum
1028 1349 1361 1431 quaeritis,
1405 1367 1544 1431 quo
1581 1348 1653 1412 id
1701 1347 1969 1413 effectui
2010 1348 2245 1413 valeat

365 1450 777 1532 mancipari,
818 1450 892 1512 in
936 1455 1259 1531 promptu
1302 1455 1409 1512 est
1451 1448 1650 1513 nobis
1679 1448 1820 1525 via,
1860 1466 2000 1531 qua
2041 1446 2244 1513 facile

369 1548 467 1612 ad
513 1548 714 1612 finem
755 1549 1233 1631 perveniamus
1274 1554 1586 1631 optatum
1615 1567 1636 1628 ς
1697 1547 1917 1612 habeo
1959 1547 2137 1612 enim
2173 1546 2246 1611 in

369 1648 656 1713 civitate
684 1648 977 1712 amicum
1014 1646 1305 1726 fidelem,
1340 1647 1460 1730 qui
1491 1647 1732 1713 turrim
1774 1647 1978 1711 habet
2008 1647 2081 1710 in
2117 1666 2249 1711 sna

370 1753 720 1830 potestate
761 1745 1242 1825 firmissimam,
1285 1765 1493 1830 quam
1536 1746 1742 1811 certis
1782 1745 2249 1830 promissioni-

373 1848 536 1925 buS,
568 1847 629 1910 si
670 1846 863 1910 illam
909 1848 998 1910 ab
1028 1865 1110 1910 eo
1151 1865 1471 1929 exegero,
1505 1845 1638 1911 fide
1671 1846 2011 1912 mediante
2036 1846 2249 1929 resig-

373 1965 550 2010 nare
589 1952 883 2010 tenetur.
987 1944 1063 2008 Si
1104 1964 1267 2027 ergo
1298 1946 1494 2011 vobis
1535 1946 1606 2009 id
1647 1946 1816 2011 utile
1842 1946 2135 2024 videtur,
2171 1953 2253 2010 ιιι

380 2045 635 2110 civitas
667 2063 822 2108 mea
849 2042 1308 2109 sollicitudine
1336 2045 1705 2129 subjugata
1732 2046 1806 2110 in
1838 2064 2058 2109 meam
2099 2065 2252 2128 per-

385 2143 764 2226 petualiter
805 2151 877 2208 et
923 2161 1389 2208 successorum
1431 2163 1734 2208 meorum
1780 2151 2089 2208 transeat
2133 2163 2258 2226 po-

394 2249 747 2319 testatem,
778 2247 1064 2326 paratus
1107 2261 1260 2306 sum
1299 2249 1509 2326 pacta
1549 2242 1933 2327 complere3
1991 2243 2100 2306 sin
2145 2261 2264 2306 au-

395 2349 538 2407 tem
593 2341 897 2407 elaboret
946 2349 1248 2407 vestrum
1298 2341 1547 2425 aliquis
1598 2343 1686 2407 ad
1742 2343 1967 2426 ipsum
2016 2341 2264 2419 facere,

392 2461 526 2524 ego
567 2441 672 2506 illi
716 2460 937 2506 meam
983 2441 1283 2507 concedo
1332 2448 1599 2525 partem
1649 2450 1722 2507 et
1764 2441 2086 2507 renuntio
2122 2440 2265 2524 juri

394 2541 595 2607 meo.'

626 2666 723 2731 De
751 2665 1028 2751 captione
1052 2664 1391 2729 Antwchiae
1416 2672 1473 2729 et
1498 2664 1711 2750 spoliis
1734 2664 2026 2733 civitatis.

499 2780 637 2845 His
692 2780 793 2845 ita
845 2780 1074 2858 dictis,
1128 2780 1350 2863 gavisi
1410 2788 1576 2845 sunt
1620 2782 1965 2866 principes
2013 2783 2265 2865 gaudio
2288 2806 2514 2856 mu«

398 2897 681 2963 magno,
698 2887 768 2943 et
794 2879 1111 2964 petitioni
1132 2878 1332 2945 factae
1359 2899 1615 2958 omnes,
1641 2872 1929 2965 ‘praeter
1954 2857 2484 2949 comitem&

401 2979 899 3057 Tholosanum,
948 2988 1148 3062 grato
1204 2987 1680 3045 concurrentes
1736 3000 2044 3062 assensu,
2094 2983 2274 3049 datis

406 3078 697 3158 dextris,
739 3080 1365 3162 compromiserunt,
1408 3080 1591 3162 quod
1624 3080 1755 3144 sibi
1787 3082 2118 3146 creditum
2161 3104 2274 3148 ne-

405 3177 578 3241 mini
639 3178 1018 3243 revelarent
1072 3196 1445 3258 arcanum3
1510 3179 1990 3245 Boamundum
2048 3191 2274 3248 autem

400 3278 740 3342 attentius
789 3284 1089 3355 monent,
1120 3285 1456 3360 quatenus
1494 3278 1581 3342 ad
1615 3280 1712 3344 rei
1746 3284 2273 3347 consummatio·

398 3396 562 3441 nem
606 3377 865 3441 viribus
912 3377 1077 3440 totis
1131 3376 1462 3441 intendat.
1564 3377 1809 3444 Soluto
1856 3380 2068 3462 igitur
2110 3401 2271 3447 con-

398 3484 644 3553 ventu,
700 3474 1169 3554 Boamundus,
1227 3475 1652 3559 propositum
1712 3498 1988 3561 urgens,
2052 3482 2270 3545 amico

312 3614 319 3619 -
400 3576 846 3658 significavit,
880 3575 1062 3658 quod
1095 3575 1275 3657 apud
1305 3576 1645 3659 principes
1672 3598 1799 3661 pro
1831 3586 1995 3645 voto
2027 3587 2274 3645 cuncta

403 3676 918 3758 impetraverat,
950 3674 1130 3738 unde
1171 3694 1296 3757 per
1324 3674 1525 3739 fidem
1571 3677 1863 3741 amicum
1904 3678 2155 3744 invitat
2197 3687 2276 3743 ιιι

404 3783 617 3839 nocte
649 3774 964 3857 proxima
1003 3782 1330 3856 sequente
1372 3794 1481 3838 res
1516 3774 1786 3841 effectui
1829 3779 2276 3862 mancipetur.

409 3873 698 3958 Etnyser
727 3894 765 3937 e
792 3874 1133 3938 contrario
1152 3872 1553 3938 Boamundo
1581 3875 1965 3955 denuntiat,
1991 3886 2069 3941 ut
2098 3879 2280 3942 circa

406 3974 656 4037 horam
702 3992 952 4037 nonam
995 3972 1334 4055 principes
1363 3993 1595 4038 omnes
1628 3975 2092 4055 egrediantur,
2125 3984 2280 4041 tan-

411 4092 628 4156 quam
678 4072 989 4136 hostibus
1030 4072 1302 4136 obviam
1346 4072 1716 4156 profecturi
1765 4075 1849 4139 de
1896 4076 2164 4154 castris,
2215 4084 2285 4140 et

412 4174 607 4237 circa
657 4171 944 4256 primam
996 4171 1215 4236 noctis
1259 4171 1565 4254 vigiliam
1617 4174 1689 4237 in
1742 4175 2013 4240 silentio
2063 4195 2286 4241 rever·

415 4279 650 4336 tentes
689 4272 913 4355 parati
960 4271 1097 4334 sint
1141 4270 1310 4336 hora
1354 4266 1576 4335 noctis
1624 4274 1850 4338 media
1893 4274 2103 4358 juxta
2140 4276 2291 4359 ejus

423 4373 695 4435 monita
725 4390 798 4434 se
834 4370 1104 4435 habere.
1188 4369 1392 4449 Quod
1420 4390 1574 4435 cum
1602 4373 1703 4437 ita
1737 4372 1992 4438 factum
2028 4374 2293 4450 fuisset,

501 4519 517 4550 ¹
531 4523 723 4571 Praeter
737 4522 951 4571 comitem
978 4494 1344 4586 Theona-m]
1399 4524 1508 4573 that
1537 4524 1621 4573 the
1642 4527 1946 4586 proposition
1967 4542 2076 4576 was
2095 4525 2298 4576 refused

432 4591 643 4640 Baldric
692 4591 791 4640 and
831 4591 1137 4641 Tudebodus
1194 4598 1353 4642 asset-t
1402 4594 1467 4654 by
1490 4593 1592 4655 2113
1621 4610 1708 4656 pp.
1728 4599 1842 4657 1⁰9,
1862 4599 1975 4646 ⁷92.
