3457 5887
881 773 1158 823 nouus
1204 773 1743 822 msronmatm.
2113 759 2246 824 353

354 934 489 998 nisi
550 932 795 998 alienae
842 950 1092 996 manus
1150 932 1411 998 auxilio
1465 952 1541 997 se
1594 933 1667 996 in
1724 933 1913 997 latus
1965 933 2241 1016 aliquod
2266 947 2509 1038 gig-41⁷⁶·

355 1033 804 1112 declinabat;
868 1051 1008 1114 quo
1072 1032 1310 1114 utique
1374 1040 1679 1115 tempore
1745 1040 1852 1097 tot
1916 1034 2247 1100 sustinuit
2269 1050 2310 1089 ⁸·
2330 1048 2496 1089 Godrb·

357 1132 846 1215 aegritudinum
884 1133 1476 1215 tentationumque
1505 1133 1883 1210 molestiaS,
1917 1142 2086 1216 quot
2119 1154 2246 1198 nec

353 1233 598 1315 lingua
639 1238 924 1317 possent
956 1231 1068 1295 vel
1111 1230 1377 1295 calamo
1419 1231 1921 1314 comprehendi.
2015 1231 2249 1298 Vene-

358 1340 526 1396 runt
564 1331 651 1396 ad
696 1350 851 1395 eum
895 1329 1034 1395 duo
1078 1331 1449 1409 daemones,
1490 1330 1873 1396 deferentes
1929 1332 2247 1397 lecticam

350 1439 434 1503 ,et
471 1433 798 1508 dicentes,
843 1435 865 1465 ‘
892 1429 1057 1495 Huc
1091 1430 1428 1507 venimus,
1466 1437 1544 1494 ut
1586 1437 1656 1494 te
1700 1430 1788 1494 ad
1832 1431 2088 1496 inferos
2133 1433 2247 1497 de-

359 1539 736 1615 portemuS,
780 1531 943 1613 quia
996 1549 1213 1595 senex
1257 1529 1513 1593 delirus
1557 1547 1631 1593 es
1686 1537 1757 1594 et
1801 1531 1886 1594 de
1937 1533 2247 1616 sapiente

361 1632 587 1697 factus
632 1631 960 1713 insipiens
987 1630 1030 1709 ;’
1075 1629 1192 1692 ille
1241 1628 1464 1693 crucis
1507 1629 1865 1710 signaculo
1908 1650 1984 1696 se
2027 1633 2249 1697 muni-

360 1732 485 1811 vit,
521 1738 593 1797 et
625 1750 831 1796 orans
870 1729 1185 1814 protinus
1219 1728 1564 1794 daemones
1595 1727 1948 1812 effugavit.

509 1927 813 2004 Quomodo
845 1903 1125 1992 diabolus
1149 1934 1427 1991 sanctwm
1464 1925 1799 1992 Godriomn
1825 1926 1897 1993 in
1924 1928 2124 2015 capite

817 2026 1205 2112 percusserit,
1238 2035 1294 2090 et
1325 2026 1400 2091 do
1424 2035 1612 2092 morte
1642 2026 1792 2111 ejus.

474 2152 735 2217 Postea
763 2170 946 2228 vero,
974 2170 1127 2214 cum
1159 2150 1264 2215 vir
1295 2150 1431 2215 Dei
1466 2150 1616 2215 vice
1647 2148 1947 2233 quadam
1976 2152 2049 2215 in
2076 2151 2256 2216 lecto

362 2253 566 2317 solus
606 2251 894 2336 jaceret,
920 2249 1237 2327 ministri,
1279 2250 1398 2333 qui
1432 2240 1602 2314 foris
1637 2257 1859 2327 erant,
1894 2270 2132 2315 vocem
2173 2252 2258 2316 il-

370 2353 478 2417 los
508 2357 866 2416 vocantem
899 2350 1287 2427 audierunt,
1319 2357 1390 2414 et
1420 2368 1784 2414 accurrens
1814 2369 1993 2414 unus
2026 2370 2259 2415 eorum

372 2451 778 2515 festinanter
810 2449 1077 2514 invenit
1114 2469 1271 2514 eum
1303 2468 1589 2532 corpore
1622 2449 1879 2514 nudum
1909 2449 2260 2534 Jacentem

371 2552 443 2615 in
474 2550 758 2615 oratorii
797 2550 1217 2633 pavimento,
1250 2557 1323 2613 et
1358 2548 1554 2612 illum
1589 2548 1663 2613 in
1705 2549 1886 2613 lecto
1920 2569 2260 2632 reponens

375 2650 698 2734 quaesivit
739 2651 829 2713 ab
871 2668 978 2726 eo,
1028 2668 1244 2731 quare
1286 2648 1387 2712 sic
1423 2647 1733 2732 jaceret;
1782 2655 1854 2712 et
1893 2649 2035 2726 ille,
2084 2655 2107 2684 ‘
2132 2650 2262 2713 Di-

377 2749 666 2827 abolus‚’
696 2749 945 2832 inquit,
987 2752 1008 2782 ‘
1037 2747 1204 2811 mihi
1248 2748 1540 2826 adstitit,
1571 2756 1640 2815 et
1674 2748 1917 2813 videns
1950 2768 2059 2812 me
2101 2757 2263 2832 post

379 2850 681 2933 quietem
720 2848 939 2913 somni
969 2848 1269 2930 tepidius
1314 2855 1658 2929 agentem,
1697 2848 1926 2913 subito
1965 2848 2051 2912 de
2081 2849 2262 2913 lecto

374 2969 489 3014 me
533 2948 799 3032 pepulit
853 2948 1301 3030 improvisum
1348 2953 1419 3011 et
1460 2966 1744 3013 scamno
1787 2956 1998 3032 caput
2040 2969 2266 3014 meum

381 3049 596 3114 allisit
611 3049 653 3129 ;’
687 3055 760 3114 et
790 3047 1158 3112 ostendens
1192 3048 1473 3129 gibbum
1510 3048 1581 3111 in
1613 3049 1841 3133 capite
1875 3048 2024 3113 haec
2056 3050 2269 3114 verba

381 3148 770 3233 subjunxit,
812 3152 834 3182 ‘
871 3146 988 3211 Ita
1029 3147 1258 3211 subito
1296 3167 1405 3211 me
1443 3148 1780 3231 praevenit
1821 3147 2160 3227 inimicus,
2187 3157 2270 3213 ut

385 3250 591 3331 signo
621 3246 841 3312 crucis
872 3265 983 3311 me
1014 3266 1151 3310 non
1186 3245 1384 3329 potui
1412 3248 1846 3330 praemunire,
1876 3255 1951 3312 et
1982 3250 2106 3326 ait,
2138 3248 2270 3325 En,

389 3347 694 3412 Godrice
732 3345 1008 3423 rustice,
1049 3346 1137 3409 de
1177 3365 1314 3428 quo
1365 3365 1504 3410 non
1538 3347 1731 3411 valui
1774 3347 2107 3412 hactenus
2150 3367 2272 3432 per

383 3467 578 3511 meos
611 3446 945 3511 satellites
971 3444 1415 3528 triumphare,
1443 3444 1603 3509 dum
1632 3447 1794 3511 lecti
1824 3447 2061 3511 mollia
2082 3465 2270 3530 quae-

383 3547 485 3611 ris
521 3554 593 3611 et
634 3546 819 3610 sicca
862 3564 906 3611 a
944 3564 1054 3608 me
1093 3544 1298 3609 modo
1341 3544 1691 3611 occideris.
1790 3533 2080 3628 Cogitet
2105 3566 2270 3628 ergo

382 3646 862 3729 unusquisque
905 3663 1109 3728 quam
1159 3644 1619 3727 periculosum
1664 3646 1757 3711 sit
1801 3645 2079 3710 delicias
2124 3665 2273 3710 cor-

383 3747 542 3830 pori
578 3743 900 3809 adhibere
939 3751 1012 3807 et
1043 3743 1331 3807 mollitie
1373 3743 1723 3822 delectari,
1755 3765 1910 3809 cum
1947 3765 2081 3809 non
2114 3765 2275 3829 pos-

386 3847 483 3910 sit
520 3846 713 3910 Deus
757 3844 831 3908 in
875 3843 1126 3908 finibus
1176 3842 1483 3909 suaviter
1515 3844 1894 3909 viventium
1936 3839 2276 3909 inveniri.’

390 3946 589 4010 Obiit
642 3951 873 4008 autem
919 3942 1329 4008 venerabilis
1386 3950 1587 4025 pater
1635 3942 1980 4009 Godricus
2020 3944 2277 4008 duode-

388 4045 571 4109 cimo
625 4042 956 4109 kalendas
1009 4041 1056 4106 J
1062 4041 1230 4120 unii,
1278 4042 1351 4105 in
1395 4044 1660 4108 octavis
1713 4044 1980 4108 scilicet
2039 4042 2279 4108 Domi-

390 4146 569 4209 nicae
635 4142 1078 4220 ascensionis,
1135 4141 1334 4228 cujus
1391 4143 1538 4207 vita
1596 4150 1666 4207 et
1719 4144 2014 4208 virtutes
2071 4160 2282 4224 supra

391 4245 708 4309 homines
775 4263 927 4307 esse
987 4250 1059 4307 et
1114 4241 1566 4325 impossibilia
1628 4243 1851 4308 relatu
1918 4240 2282 4317 videntum

397 4343 713 4425 sepultus
764 4350 873 4406 est
923 4349 1154 4406 autem
1201 4340 1275 4405 iu
1321 4342 1625 4407 oratorio
1674 4363 1826 4419 suo,
1870 4340 1960 4404 ad
2008 4340 2285 4421 plagam

395 4442 1035 4527 septentrionalem,
1085 4448 1248 4506 ante
1302 4442 1559 4524 gradus
1605 4442 1847 4507 altaris
1892 4437 2116 4503 sancti
2159 4437 2206 4502 J
2212 4457 2288 4502 o-

506 4559 663 4606 von.
696 4558 774 4607 11.
1868 4538 1912 4602 2
1946 4555 1994 4601 A
