3457 5887
1129 807 1257 872 190
1626 822 1890 871 noomu
1939 823 2031 871 nu
2076 821 2484 871 wssunovsn

810 999 920 1038 Α».
940 1000 1052 1039 ιιιι.
1129 978 1369 1044 consul
1402 984 1561 1060 post
1588 998 1746 1042 eum
1778 978 1961 1043 filius
1991 979 2142 1063 ejus
2176 978 2639 1043 Baldewinus.
2741 976 2993 1041 Eodem

1131 1098 1311 1143 anno
1373 1077 1610 1156 Sidon,
1673 1079 1918 1144 civitas
1980 1080 2051 1144 in
2111 1079 2320 1143 maris
2383 1078 2697 1160 margine
2748 1078 2995 1160 posita,

1130 1178 1482 1244 obsidetur
1514 1184 1584 1243 et
1610 1179 1883 1261 capitur
1912 1198 1956 1242 a
1981 1198 2143 1260 rege
2168 1178 2607 1243 Hierusalem
2638 1177 2998 1259 magnifico

1132 1278 1549 1344 Baldewino.

1210 1448 1387 1531 Quod
1410 1447 1699 1515 ‹li-samnio
1725 1450 1930 1515 oritur
1955 1449 2117 1514 inter
2130 1471 2375 1536 papam
2402 1459 2457 1514 a
2489 1451 2935 1536 insperatam.

816 1605 1056 1644 A.n.1m.
1231 1572 1440 1639 Anno
1462 1574 1745 1639 Domini
1767 1591 2007 1639 Mcxll.
2031 1573 2220 1640 facta
2238 1582 2344 1639 est
2360 1569 2378 1606 ¹
2394 1575 2748 1639 contentio
2767 1573 3001 1638 Romae

813 1656 1094 1745 ἷξιᾟῗῖἶῖἶ.
1132 1673 1313 1738 inter
1353 1693 1605 1758 papam
1650 1674 2058 1739 Paschalem
2100 1682 2173 1742 et
2216 1673 2599 1739 Hem-icum
2646 1675 3006 1757 imperato-

816 1755 1020 1855 2222
1135 1794 1299 1853 rem,
1328 1774 1458 1838 hac
1477 1774 1563 1838 de
1580 1793 1824 1855 causa3
1861 1773 2249 1856 Imperator
2277 1775 2381 1839 uti
2400 1775 2624 1839 voluit
2654 1774 3006 1857 privilegio

1136 1881 1642 1938 antecessorum
1684 1893 1966 1939 suorum
2005 1872 2242 1938 habito
2290 1875 2488 1938 annis
2523 1873 2847 1938 trecentis
2877 1875 3002 1936 sub

1140 1972 1473 2038 Romanis
1516 1973 1952 2056 pontificibus
2001 1973 2390 2055 sexaginta,
2431 1975 2551 2057 qui
2588 1973 2777 2037 licite
2809 1973 3002 2037 dede-

1139 2081 1297 2138 rant
1357 2074 1797 2157 episcopatus
1854 2081 1926 2138 et
1985 2072 2300 2137 abbatias
2362 2093 2485 2156 per
2550 2073 2878 2137 annulum
2934 2080 3004 2137 et

1139 2172 1462 2238 baculum
1493 2173 1942 2256 pastoralem3
1986 2192 2026 2237 e
2055 2180 2295 2237 contra
2318 2174 2696 2237 censebant
2719 2172 3008 2237 Romani

1141 2273 1522 2355 pontifices,
1565 2292 1692 2337 nec
1732 2291 1936 2356 posse
1977 2292 2103 2336 nec
2137 2272 2382 2337 debere
2411 2273 2560 2336 dari
2587 2291 2715 2356 per
2746 2272 3007 2354 virgam

1141 2371 1253 2436 vel
1309 2372 1640 2436 annulum
1695 2372 2190 2456 episcopatum,
2233 2372 2345 2437 vel
2388 2373 2692 2456 aliquam
2736 2372 3012 2437 institu-

1142 2472 1399 2536 tionem
1463 2472 1996 2560 ecclesiasticam
2050 2491 2096 2536 a
2142 2491 2354 2536 manu
2407 2473 2707 2555 recipere
2761 2471 3013 2536 laicali.

1146 2571 1367 2636 Facta
1411 2579 1519 2637 est
1560 2578 1791 2637 autem
1835 2591 1980 2655 pax
2016 2572 2195 2636 inter
2235 2573 2710 2655 imperatorem
2753 2570 3012 2635 Henri-

1142 2690 1299 2735 cum
1354 2679 1425 2736 et
1471 2690 1725 2755 papam
1778 2671 2209 2751 Paschalem,
2252 2673 2354 2737 ita
2406 2679 2489 2736 ut
2543 2672 2836 2755 episcopi
2886 2670 3008 2734 de-

1142 2770 1378 2854 inceps
1406 2778 1478 2835 et
1518 2771 1804 2836 abbates
1832 2770 2332 2836 institutionem
2374 2773 2714 2855 accipiant
2753 2771 2839 2834 ab
2881 2771 3009 2834 im-

1142 2878 1460 2952 peratore
1524 2877 1596 2934 et
1658 2871 1803 2934 suis
1860 2872 2366 2935 successoribus
2430 2891 2556 2956 per
2619 2872 2886 2954 virgam
2942 2879 3014 2935 et

1143 2971 1493 3047 annulum,
1556 2978 1629 3035 et
1684 2971 1877 3053 prius
1936 2970 2193 3036 saciant
2251 2972 2598 3055 episcopo,
2657 2973 2749 3036 ad
2807 2991 3008 3055 quem

1140 3071 1569 3152 pertinuerit,
1629 3071 2031 3136 canonicam
2091 3071 2569 3149 obedientiam,
2638 3079 2710 3136 et
2776 3091 3010 3136 conse-

1142 3170 1515 3235 crationem
1561 3170 1906 3253 accipiant
1940 3179 2335 3236 consuetam
2365 3191 2383 3235 ε
2445 3178 2605 3236 acta
2639 3191 2805 3236 vero
2847 3179 3006 3235 sunt

1140 3268 1288 3334 haec
1337 3276 1497 3334 ante
1540 3270 1760 3335 altare
1811 3270 2279 3356 apostolorum
2335 3271 2528 3336 Petri
2578 3279 2651 3335 et
2691 3271 2894 3336 Pauli
2936 3272 3003 3334 in

1141 3368 1359 3433 oculis
1392 3371 1719 3446 omnium,
1751 3377 1823 3434 et
1863 3370 1962 3434 sic
2002 3388 2186 3453 papa
2222 3390 2469 3454 corpus
2517 3369 2778 3435 Christi
2822 3370 3006 3434 dedit

1139 3467 1556 3551 imperatori.
1654 3468 1848 3534 Obiit
1873 3468 2113 3534 eodem
2139 3488 2320 3535 anno
2347 3470 2770 3549 Tancredus,
2791 3471 2899 3534 vir
2926 3471 3007 3534 il-

1139 3566 1376 3632 lustris
1409 3574 1480 3632 et
1512 3569 1586 3632 in
1613 3569 1883 3634 actibus
1905 3568 2556 3653 Hierosolymitanis
2581 3570 3008 3652 magnificus,

1141 3666 1261 3750 qui
1285 3667 1600 3750 princeps
1631 3674 1784 3732 erat
1798 3668 2188 3734 Antiochiae
2209 3676 2291 3735 et
2321 3689 2552 3736 comes
2581 3670 3006 3749 Edessanu83

1140 3766 1252 3830 cui
1283 3766 1612 3831 successit
1645 3767 1968 3850 Rogems
2001 3768 2184 3833 filius
2217 3768 2571 3847 Richardi,
2599 3770 2710 3835 vir
2737 3770 3007 3847 nobilis»,

1140 3886 1225 3931 ea
1256 3864 1668 3944 conditione,
1699 3874 1797 3945 ut,
1828 3867 2376 3953 quandocunque
2416 3870 2864 3935 Boamundus
2889 3871 3004 3954 ju-

1142 3965 1293 4029 nior
1341 3963 1785 4031 Antiochiam
1831 3977 2243 4051 reposceret,
2284 3969 2386 4034 illi
2436 3971 2584 4034 sine
2627 3968 3010 4035 contradic·

1140 4066 1326 4130 tione
1350 4066 1754 4149 resignaret.

1207 4286 1225 4319 ¹
1246 4291 1500 4340 contentio
1534 4285 1750 4359 Roma]
1802 4291 2051 4342 Baronius
2101 4293 2203 4343 and
2236 4308 2478 4357 emperor,
2514 4295 2682 4344 which
2712 4309 2925 4357 appears
2959 4298 3011 4342 to

1136 4358 1231 4408 has
1266 4360 1507 4410 collected
1541 4360 1627 4410 the
1664 4362 2051 4413 circumstances
2102 4364 2229 4413 bave
2272 4365 2426 4414 taken
2470 4365 2616 4429 place
2658 4381 2724 4414 on
2764 4366 2850 4415 the
2893 4365 3008 4415 uth

1136 4430 1407 4479 connected
1426 4429 1550 4478 with
1582 4430 1683 4480 thia
1714 4436 2052 4496 controversy,
2101 4434 2249 4496 April
2273 4437 2419 4486 1111.

1135 4499 1234 4548 and
1250 4499 1337 4548 the
1357 4500 1732 4551 reconciliation
1746 4502 1805 4551 ot·
1820 4500 1905 4551 the
1920 4518 2051 4566 pope
