3457 5887
1228 765 1316 827 70
1736 776 1999 824 nocam
2049 777 2142 825 ns
2188 776 2593 826 wsuoovsn

913 951 1154 991 lxv-1⁰⁹⁶-
1232 945 1479 1001 contra·
1530 945 1947 1020 praeceptum
2027 937 2460 1019 imperatoris
2521 936 2817 1020 populus
2880 937 3095 1000 cervi·

912 1000 1213 1094 ῗυῖἒῗῖἶιῖιῖει.
1234 1055 1435 1100 cosus
1466 1038 1658 1099 arm'a
1703 1043 2018 1101 moverat
2047 1038 2435 1113 temeraria,
2468 1037 2586 1118 qui
2616 1034 2965 1103 consuluit
2995 1036 3098 1099 in-

1234 1136 1509 1200 doctum
1538 1136 1814 1217 vulgus,
1863 1143 1943 1199 ut
1980 1135 2260 1218 pacifice
2306 1135 2489 1218 apud
2521 1134 3098 1216 Constantinopo-

1236 1235 1354 1301 lim
1403 1242 1839 1317 exspectaret
1896 1253 2115 1316 usque
2157 1234 2245 1297 ad
2296 1234 2665 1298 adventum
2713 1234 3095 1316 principum

1233 1334 1391 1398 illos
1436 1333 2017 1417 subsequentium,
2047 1334 2164 1415 qui
2192 1333 2665 1418 prudentiores
2691 1332 2863 1415 ipsis
2897 1341 3098 1399 erant

1236 1441 1308 1497 et
1366 1433 1784 1517 adplenum
1856 1433 1930 1496 in
1991 1432 2238 1497 militia
2290 1432 2563 1497 eruditi.
2661 1431 3098 1499 Solimannus

1236 1552 1425 1611 vero,
1470 1551 1607 1597 non
1655 1530 2029 1596 sufficiente
2063 1531 2245 1614 quod
2275 1531 2531 1597 factum
2556 1530 2803 1607 fuerat,
2831 1531 2906 1597 in
2950 1549 3102 1599 cas-

1238 1640 1346 1696 tra
1391 1633 1587 1697 irruit
1615 1631 1974 1707 violenter,
2002 1638 2073 1695 et
2107 1649 2330 1708 senes,
2364 1630 2924 1707 valetudinarios,
2952 1650 3100 1696 mo·

1240 1730 1494 1796 nacbos
1517 1724 1610 1795 ¹et
1637 1731 2011 1807 ordinatos,
2028 1738 2398 1808 matronas,
2424 1730 2690 1813 puellas
2719 1737 2789 1795 et
2823 1748 3100 1812 pueros,

1237 1831 1308 1893 in
1335 1849 1453 1893 ore
1496 1830 1707 1912 gladii
1747 1830 2090 1895 interemit
2116 1829 2410 1909 multos3
2475 1828 2806 1911 quosdam
2845 1837 3100 1907 tamen,

1237 1948 1522 2010 quorum
1581 1934 1754 1992 oetas
1792 1949 1922 2012 pro
1970 1929 2070 1993 eis
2122 1929 2585 1993 intercedebat
2613 1935 2688 1992 et
2733 1927 2960 2004 facies,
3003 1927 3094 1992 ad

1239 2026 1366 2091 hoc
1410 2029 1806 2092 reservabat
1853 2027 2132 2105 illaesos,
2176 2035 2259 2091 ut
2296 2035 2642 2110 perpetum
2686 2027 3100 2110 subjicerent

1238 2127 1568 2192 servituti.
1672 2127 1845 2192 Erat
1876 2134 2105 2191 autem
2133 2146 2347 2210 prope
2380 2133 2609 2193 castra
2641 2125 2963 2202 fidelium,
2993 2146 3101 2190 se-

1239 2240 1360 2291 cus
1386 2226 1582 2290 littus
1608 2227 1842 2303 maris,
1872 2234 2072 2290 vetus
2103 2225 2443 2308 quoddam
2474 2226 2865 2309 praesidium
2905 2224 3104 2291 habi·

1240 2324 1576 2390 tatoribus
1618 2344 1937 2402 vacuum,
1995 2326 2070 2387 in
2117 2344 2256 2408 quo
2303 2325 2708 2390 necessitate
2767 2325 3104 2407 compulsi

1240 2426 1327 2488 ad
1371 2425 1506 2488 tria
1540 2424 1758 2488 millia
1800 2424 2308 2506 peregrinorum
2356 2443 2432 2491 se
2477 2424 2939 2501 contulerunt,
2986 2444 3098 2489 sa-

1239 2523 1450 2588 lutem
1483 2542 1559 2587 se
1597 2523 1691 2586 ibi
1736 2541 1938 2605 posse
1966 2523 2290 2605 consequi
2321 2523 2766 2603 arbitrantes;
2807 2542 3100 2605 cumque

1239 2622 1310 2685 in
1349 2641 1431 2686 eo
1463 2640 1508 2686 a
1544 2621 1943 2689 Solimanno
1980 2622 2268 2687 fuissent
2296 2622 2589 2698 obsides,
2631 2641 2783 2687 sese
2814 2623 3105 2689 viriliter

1240 2720 1699 2798 defendentes,
1745 2720 1995 2785 Petrus
2036 2720 2122 2783 ad
2156 2722 2630 2803 imperatorem
2656 2722 2962 2799 veniens,
2995 2721 3100 2787 fu·

1237 2821 1333 2883 sis
1378 2820 1722 2885 humiliter
1775 2820 2111 2903 precibus,
2159 2819 2476 2897 obtinuit,
2542 2829 2621 2887 ut
2667 2821 2878 2887 missa
2936 2821 3100 2886 illuc

1238 2919 1481 2985 militia
1549 2920 1873 3003 reliquias
1947 2918 2183 3002 populi
2247 2918 2457 2986 faciat
2513 2918 2835 3000 liberari;
2918 2920 3097 3003 quod

1236 3040 1388 3084 cum
1423 3020 1680 3084 factum
1722 3019 1990 3096 fixisset,
2034 3020 2362 3084 remansit
2396 3018 2645 3084 Petrus
2688 3018 2871 3102 apud
2918 3019 3101 3085 Con-

1235 3120 1443 3182 stanti
1451 3119 1749 3200 nopolim
1780 3138 1937 3182 cum
1972 3117 2276 3201 reliquiis
2318 3119 2683 3196 exercitus,
2716 3119 3096 3202 principum

1235 3224 1643 3298 exspectans
1673 3216 2068 3281 adventum.

1474 3388 1573 3450 Do
1590 3389 1938 3473 pereyrinis
1964 3389 2323 3475 quibusdam
2350 3389 2484 3458 dolo
2511 3390 2862 3477 intersectis.

924 3531 1068 3570 namn.
1085 3531 1132 3570 οι
1337 3509 1628 3575 Secutus
1707 3517 1816 3574 est
1889 3520 2119 3578 autem
2192 3512 2317 3580 hos
2385 3533 2585 3579 cruce
2657 3515 2970 3596 signatos
3031 3516 3102 3579 in

1154 3608 1165 3620 ”
1239 3610 1807 3693 peregrinationis
1866 3619 2030 3676 voto
2095 3613 2413 3680 sacerdos
2471 3613 2774 3697 quidam,
2833 3615 3106 3682 nomine

1242 3708 1690 3774 Godescallus
1735 3718 1808 3774 et
1838 3711 2114 3776 natione
2141 3711 2582 3790 Teutonicus,
2623 3713 2764 3798 qui,
2807 3715 3102 3795 gratiam

1239 3810 1494 3875 habens
1555 3808 2075 3887 exhortationis,
2142 3811 2230 3876 ad
2287 3812 2673 3894 quindecim
2732 3813 2950 3878 millia
3018 3813 3105 3878 de

1239 3929 1452 3992 regno
1482 3907 2013 3972 Teutonicorum
2042 3909 2128 3972 ad
2161 3928 2334 3993 opus
2367 3911 2587 3976 crucis
2618 3911 2689 3974 in
2714 3908 3104 3993 Hungariae

1240 4008 1412 4071 fines
1468 4007 1841 4087 conduxit;
1894 4007 2013 4070 ubi
2073 4028 2226 4073 cum
2275 4011 2582 4075 exercitu
2632 4029 2759 4076 suo
2805 4011 3104 4088 venalia,

1242 4106 1327 4169 de
1375 4106 1698 4170 mandato
1747 4107 1952 4188 regiS,
2000 4107 2198 4172 bonis
2243 4108 2740 4176 conditionibus
2778 4110 2869 4174 ab
2900 4108 3103 4174 Hun-

1242 4204 1429 4285 garis
1495 4206 1941 4286 accepissent,
1990 4206 2462 4271 alimentorum
2524 4208 2878 4290 opulentia
2935 4210 3105 4273 abu·

1242 4308 1463 4367 tentes
1493 4309 1563 4366 et
1595 4304 1911 4370 ebrietati
1936 4313 2284 4384 vacantes,
2316 4306 2404 4370 ad
2438 4326 2744 4372 enormes
2774 4327 3105 4390 prorupe-

1240 4409 1401 4466 runt
1451 4401 1761 4485 injurias,
1790 4404 2059 4487 praedas
2103 4412 2388 4488 agentes
2419 4415 2489 4470 et
2515 4414 2813 4488 stragem
2862 4408 2935 4470 in
2978 4427 3105 4489 po·

1446 4621 1461 4654 ¹
1490 4624 1554 4672 Ee
1578 4622 1864 4687 ominatum]
1898 4625 1914 4653 ‘
1933 4626 1997 4673 Et
2020 4619 2207 4674 esu-um
2232 4627 2514 4675 universum
2532 4621 2560 4686 ς’
2585 4624 2720 4674 will.
2742 4624 2863 4685 Tyr.
