3457 5887
809 1194 919 1237 ΔΛ).
939 1196 1052 1238 UO-

809 1246 946 1286 Μ
961 1247 1013 1287 d

809 1297 1034 1347 Renun-

1133 809 1263 873 444
1626 827 1893 875 nocam
1940 828 2032 875 nu
2078 828 2488 877 wal-{novica

1661 1063 1761 1128 De
1788 1071 1973 1128 morto
2001 1061 2163 1148 nqis
2189 1061 2471 1126 Hem-ici.

1227 1185 1390 1251 Rex
1434 1185 1783 1252 Henricus
1822 1187 1908 1251 de
1952 1186 2299 1271 colloquio
2341 1192 2636 1251 moestus
2666 1186 2863 1251 valde
2909 1186 3006 1250 ad

1128 1283 1510 1350 Chinonem
1582 1288 1884 1366 veniens,
1959 1287 2158 1369 gravi
2236 1293 2467 1351 tactus
2549 1286 3007 1364 incommodo,

1126 1378 1517 1452 maledixit¹
1570 1385 1707 1452 diei
1759 1388 1833 1451 in
1882 1405 2021 1469 quo
2070 1393 2274 1450 natus
2330 1384 2603 1465 suerat3
2663 1394 2737 1450 et
2783 1386 2888 1450 sic
2932 1386 3007 1449 in

1128 1486 1413 1568 angaria
1455 1486 1722 1569 positus
1765 1485 1947 1550 infra
1991 1484 2289 1549 triduum
2349 1491 2510 1568 post
2567 1486 3007 1550 concordiam

1125 1585 1372 1650 factam
1433 1584 1611 1649 diem
1677 1584 1934 1649 clausit
1994 1592 2401 1649 extremum.
2515 1583 2698 1650 Obiit
2752 1593 2999 1649 autem

1122 1691 1486 1767 postquam
1561 1690 1977 1766 regnaverat
2049 1683 2247 1748 annis
2320 1684 2605 1766 triginta
2669 1691 2999 1767 quatuor,

1120 1783 1468 1847 mensibus
1523 1790 1809 1866 septem,
1881 1783 2119 1848 diebus
2181 1784 2511 1866 quinque,
2560 1775 2584 1814 ²
2601 1784 2672 1846 in
2721 1785 2992 1848 octavis

1122 1882 1591 1965 apostolorum
1627 1881 1821 1946 Petri
1854 1890 1924 1948 et
1960 1883 2187 1947 Pauli.
2275 1876 2402 1947 ³In
2429 1882 2728 1948 crastino
2756 1884 2994 1966 itaque

1122 2000 1277 2045 cum
1344 1987 1738 2063 portaretur
1791 1981 1880 2047 ad
1935 1982 2424 2066 sepeliendum,
2474 1982 2665 2064 regio
2721 1981 3006 2046 indutus

1124 2087 1488 2165 apparatu,
1523 2099 1846 2146 coronam
1874 2081 1945 2145 in
1978 2083 2206 2165 capite
2247 2100 2492 2164 gerens
2534 2100 2839 2159 auream,
2884 2081 3009 2147 ha.-

1122 2180 1427 2263 bensque
1490 2180 1916 2246 chirothecas
1976 2180 2049 2244 in
2124 2182 2461 2259 manibus,
2530 2181 3009 2247 calceamenta

1121 2298 1291 2344 auro
1340 2287 1672 2345 contexta
1717 2279 1791 2344 in
1835 2279 2145 2364 pedibus,
2178 2280 2496 2359 calcaria,
2546 2281 2879 2345 annulum
2925 2283 3002 2346 in

1123 2377 1342 2461 digito
1387 2397 1668 2444 aureum
1722 2387 1795 2444 et
1835 2381 1908 2444 in
1951 2400 2158 2445 manu
2201 2388 2569 2464 sceptrum,
2614 2381 3001 2445 accinctus-

1122 2497 1258 2560 que
1307 2477 1566 2561 gladio,
1616 2478 2118 2563 discoopertum
2185 2478 2444 2544 habens
2492 2480 2758 2546 vultum
2807 2481 3004 2564 jace-

1123 2578 1267 2643 bat.
1370 2577 1576 2658 Quod
1624 2599 1781 2663 cum
1835 2578 2185 2644 Richardo
2232 2578 2373 2644 filio
2424 2599 2552 2644 suo
2604 2581 2997 2645 nuntiatum

1122 2675 1388 2754 fuisset,
1435 2676 1842 2744 festinanter
1881 2680 1945 2744 ei
1973 2680 2162 2744 venit
2205 2679 2476 2744 obviam
2506 2700 2526 2760 ς
2576 2698 2712 2762 quo
2750 2698 2993 2762 super-

1119 2777 1462 2854 veniente,
1505 2777 1865 2844 confestim
1917 2779 2226 2843 manavit
2276 2780 2560 2861 sanguis
2594 2798 2683 2842 ex
2718 2779 2999 2843 naribus

1119 2875 1304 2959 regis
1340 2875 1669 2956 defuncti,
1714 2896 1798 2943 ac
1850 2877 1912 2942 si
1965 2878 2438 2962 indignaretur
2485 2878 2771 2963 spiritus
2815 2880 2999 2962 regis

1119 2975 1194 3041 in
1254 2977 1556 3042 adventu
1612 2977 1789 3063 ejus,
1852 2979 1970 3061 qui
2022 2979 2264 3044 mortis
2319 2978 2537 3063 ipsius
2583 2997 2797 3043 causa
2844 2999 2996 3044 esse

1120 3077 1564 3158 credebatur3
1610 3079 1797 3161 quod
1829 3078 2069 3143 videns
2100 3096 2328 3143 comes
2365 3077 2755 3143 Richardus
2804 3098 2992 3143 ama-

1119 3175 1383 3241 rissime
1431 3176 1594 3241 flere
1639 3177 1877 3261 coepit,
1928 3186 2001 3243 et
2042 3177 2507 3242 inaestimabili
2553 3179 2996 3260 perturbatus

1118 3275 1442 3358 angustia
1519 3296 1739 3360 usque
1817 3277 1903 3342 ad
1976 3276 2601 3342 Fontem-Ebraudi
2674 3277 2994 3342 feretrum

1116 3394 1411 3459 sequens
1486 3395 1737 3460 corpus
1807 3377 2026 3459 patris
2098 3377 2232 3455 sui,
2309 3378 2397 3440 ab
2463 3376 2995 3462 archiepiscopis

1115 3473 1506 3540 Turonensi
1544 3484 1616 3541 et
1651 3475 2057 3540 Treverensi
2099 3475 2349 3541 divinis
2400 3477 2764 3541 celebratis
2810 3497 2993 3560 mys·

1116 3574 1330 3653 teriiS,
1387 3573 1551 3640 fecit
1607 3574 1975 3640 honorifice
2034 3575 2386 3640 tumulari.
2516 3576 2611 3640 Et
2672 3578 2994 3658 quoniam

1113 3672 1294 3738 idem
1323 3694 1448 3739 rex
1474 3674 1697 3740 adhuc
1737 3675 1975 3740 vivens
2009 3694 2196 3759 saepe
2243 3674 2470 3740 dicere
2519 3685 2986 3752 consueverat,

1112 3773 1344 3837 orbem
1404 3774 1801 3839 universum
1862 3775 1983 3839 uni
2030 3794 2169 3839 non
2219 3774 2529 3841 sufficere
2572 3774 2813 3840 debere
2856 3796 2980 3858 pro

1110 3878 1274 3935 voto
1307 3872 1624 3955 principi,
1658 3873 2017 3958 inscriptio
2049 3872 2234 3939 illius
2264 3876 2510 3940 tumuli
2544 3875 2702 3940 talis
2731 3883 2917 3955 erat3

1225 4060 2773 4143 ‘RaHmrimmem,mihiplm-imaregnasuhegi‚

1343 4157 1761 4236 Multiplicique
1786 4158 1973 4229 modo,
2001 4160 2226 4239 duxque
2250 4180 2550 4240 comesque
2574 4162 2678 4220 fui.

1176 4377 1608 4431 ’11ιωίεᾶἀίιί
1649 4377 1703 4427 in
1743 4392 1835 4443 quo
1875 4383 2022 4428 natus
2136 4377 2983 4444 Ἰησσωσὶοφοιιοὶοι-ιωΡεευ-ἰεί

1088 4450 1306 4514 sumt]
1341 4450 1426 4500 He
1447 4448 1665 4498 invoked
1685 4447 1770 4498 the
1791 4463 1937 4499 cume
1966 4448 2026 4498 os
2068 4449 2262 4513 Paula]
2294 4450 2400 4500 The
2420 4450 2507 4499 oth
2532 4451 2593 4499 os
2605 4450 2639 4500 J
2644 4451 2749 4511 uly.

1102 4520 1220 4571 God
1242 4535 1375 4581 upon
1408 4519 1488 4568 his
1520 4532 1638 4567 sous
1665 4519 1791 4580 also,
1818 4518 2018 4569 accord·
2141 4516 2232 4568 ’In
2252 4516 2521 4589 maino-J
2567 4521 2829 4572 Benedict.
2850 4521 2981 4572 ΑΜ».

1101 4591 1188 4653 ing
1211 4596 1262 4639 to
1286 4588 1548 4650 Hovedeu,
1567 4603 1620 4650 p.
1637 4592 1752 4638 654.
2064 4603 2116 4649 p.
2139 4593 2254 4638 647.
