3457 5887
1153 825 1283 891 394
1640 837 1906 885 nocam
1953 838 2045 885 nn
2091 835 2502 885 wennovsn

835 1019 945 1061 amn
970 1019 1079 1059 nn.
1157 1004 1370 1081 geret.
1472 995 1719 1061 Adbuc
1774 994 1895 1059 illo
1957 1012 2324 1077 pauperem
2378 993 2449 1056 in
2513 991 2689 1056 hunc
2740 989 3018 1055 modum

836 1070 1130 1170 mim&
1156 1097 1598 1173 convitiante,
1646 1101 1717 1159 et
1777 1113 1935 1159 ecce
1990 1101 2282 1175 utroque
2336 1092 2548 1156 fundo
2591 1091 2747 1155 dolii
2795 1092 3018 1173 impe-

1155 1206 1354 1263 tuose
1388 1195 1652 1272 evulso,
1695 1193 1770 1257 in
1810 1194 2042 1276 platea
2086 1192 2378 1257 cervisia
2414 1190 2842 1266 fundebatur,
2878 1191 3018 1253 sic-

1154 1318 1290 1381 que
1322 1295 1577 1360 factum
1607 1299 1737 1371 est,
1774 1299 1853 1357 ut
1898 1291 2096 1375 eujus
2138 1289 2663 1374 portiunculam,
2700 1289 3019 1371 martyris

1153 1396 1424 1462 nomine
1506 1400 1762 1475 spreto,
1820 1398 2216 1473 negaverat,
2284 1396 2698 1472 procurante
2752 1395 3015 1464 sancto,

1156 1517 1293 1561 non
1331 1493 1553 1559 solum
1600 1510 1865 1574 pauper
1904 1490 2043 1568 ille,
2087 1490 2206 1554 sed
2242 1496 2314 1553 et
2340 1489 2460 1553 alii
2487 1489 2691 1553 multi
2718 1506 2872 1551 cum
2910 1506 3015 1563 eo,

1153 1596 1312 1659 fixis
1363 1595 1435 1658 in
1479 1599 1735 1657 terram
1777 1590 2083 1672 genibus,
2131 1587 2563 1665 sufficienter,
2615 1586 2807 1650 nullo
2863 1606 3016 1669 pro-

1151 1696 1447 1770 hibente,
1478 1696 1822 1775 potarent.
1856 1742 1861 1745 .
1894 1689 2240 1772 Repressa
2261 1688 2498 1769 igitur,
2532 1694 2833 1769 martyre
2856 1705 3012 1768 pro-

1150 1800 1453 1869 curante,
1499 1808 1978 1873 perversorum
2028 1789 2357 1871 nequitia,
2400 1787 2679 1852 devotio
2718 1785 3002 1849 fidelium

1149 1893 1390 1977 recipit
1424 1890 1605 1975 quod
1646 1897 1986 1967 meretur;
2041 1907 2200 1952 nam
2247 1887 2465 1951 tribus
2512 1884 2851 1950 continuis
2886 1886 3003 1967 qui

1147 1991 1604 2076 sequebantur
1630 1990 1870 2053 diebus
1897 1987 2128 2052 decem
2166 1987 2522 2069 utriusque
2554 2004 2767 2049 sexus
2798 1983 3005 2049 homi-

1151 2112 1270 2158 nes
1318 2111 1362 2155 a
1401 2089 1688 2154 diversis
1735 2086 2266 2163 infirmitatibus,
2315 2084 2404 2150 ad
2450 2084 2724 2149 laudem
2767 2084 2900 2148 Dei
2942 2093 3009 2147 et

1148 2191 1331 2258 beati
1362 2189 1700 2272 martyris,
1726 2191 2130 2269 receperunt
2159 2184 2518 2268 pristinam
2546 2184 2936 2248 sanitatem.

1242 2362 1341 2427 De
1365 2358 1698 2427 imatione
1720 2358 1925 2427 mucci
1950 2355 2318 2444 Ambibali
2344 2379 2482 2427 onom
2507 2378 2711 2425 som
2736 2358 2920 2423 sociis

2001 2478 2149 2523 ms.

1243 2581 1678 2646 clarescente
1726 2578 1999 2645 interim
2044 2580 2181 2657 die,
2225 2598 2429 2662 quem
2469 2588 2850 2645 sanctorum
2900 2579 3005 2644 in·

1143 2683 1373 2746 ventio
1408 2680 1878 2757 consecrabat,
1911 2678 2322 2745 venerabilis
2369 2687 2559 2763 pater
2605 2680 2836 2743 Simon
2872 2681 3003 2744 ab·

1142 2782 1267 2845 bas
1326 2780 1550 2844 locum
1600 2777 1770 2843 adiit
1822 2778 2348 2855 sanctissimum,
2396 2786 2469 2843 et
2517 2778 2872 2843 celebratis
2926 2780 3004 2842 in

1142 2879 1408 2964 capella
1437 2879 1660 2942 sancti
1691 2877 1739 2941 J
1745 2878 1965 2957 acobi,
1995 2877 2145 2942 loco
2176 2878 2279 2942 illi
2311 2879 2658 2962 contiguo,
2699 2879 2774 2943 in
2800 2897 3004 2942 vene·

1142 2982 1475 3046 rationem
1504 2979 1684 3043 beati
1728 2979 2048 3061 martyris
2080 2977 2356 3056 Albani,
2400 2988 2660 3044 nostrae
2703 2979 3009 3062 redemp-

1141 3081 1346 3146 tionis
1389 3078 1753 3161 mysteriis,
1799 3077 2173 3155 monachis,
2215 3078 2332 3161 qui
2383 3078 2693 3156 aderant,
2733 3088 2817 3142 ut
2856 3079 3005 3142 dili·

1140 3187 1381 3262 genter
1407 3184 1812 3262 quaererent,
1840 3185 1912 3242 et
1940 3177 2249 3261 pluribus
2282 3177 2604 3242 adhibitis
2632 3179 3004 3242 fossoribus

1141 3287 1219 3344 ut
1260 3279 1507 3362 coeptis
1552 3277 1968 3354 insisterent,
2001 3277 2382 3359 imperavit.
2485 3276 2746 3342 Fuerat
2778 3286 3002 3342 autem

1139 3379 1405 3461 capella
1448 3377 1571 3441 illa
1623 3376 2002 3458 antiquitus
2043 3376 2115 3440 in
2166 3376 2491 3441 honorem
2534 3378 2864 3462 martyris
2910 3377 3005 3441 sap

1138 3479 1403 3543 bricata
1446 3482 1727 3560 propter
1764 3475 2152 3557 frequentes
2197 3476 2489 3540 caelestis
2530 3477 2766 3541 radios
2811 3477 3003 3553 lucis,

1137 3579 1256 3660 qui
1287 3576 1675 3659 pastoribus
1703 3575 1978 3657 vigilias
2010 3575 2230 3640 noctis
2258 3594 2464 3658 super
2494 3595 2775 3658 gregem
2806 3596 2996 3640 suum

1137 3677 1497 3758 agentibus
1529 3675 1779 3739 ibidem
1808 3682 2310 3756 apparuerant;
2376 3675 2555 3738 unde
2605 3675 2835 3740 dictus
2876 3677 2993 3740 ab·

1133 3777 1279 3851 bas,
1310 3776 1381 3838 in
1425 3773 1661 3838 eodem
1706 3774 1856 3838 loco
1885 3772 2119 3837 divina
2157 3774 2506 3838 celebrans
2544 3783 2993 3852 sacramenta,

1132 3892 1337 3956 super
1382 3873 1670 3937 instanti
1722 3873 2002 3955 negotio
2056 3872 2240 3937 beati
2289 3875 2611 3957 martyris
2664 3875 2995 3939 auxilium

1131 3973 1544 4054 imploravit.
1671 3971 1981 4036 Reverso
2026 3972 2263 4055 itaque
2316 3973 2592 4038 domum
2636 3975 2889 4039 abbate
2928 3982 2997 4038 et

1121 4072 1270 4156 jam
1324 4089 1478 4135 cum
1533 4078 1876 4136 conventu
1928 4071 2016 4135 ad
2061 4072 2422 4155 prandium
2468 4072 2774 4151 sedente,
2816 4073 2998 4156 lege-

1130 4174 1333 4236 batur
1365 4169 1597 4284 passio
1629 4170 1817 4234 beati
1849 4172 2195 4253 martyris,
2239 4191 2441 4254 quem
2472 4174 2892 4256 quaerebant,
2920 4182 2991 4237 et

1130 4272 1468 4337 sociorum
1504 4268 1679 4352 ejus,
1712 4289 1837 4352 per
1873 4288 2077 4351 quam
2123 4272 2350 4335 carnis
2393 4273 2746 4354 ergastulo
2787 4272 2992 4336 soluti

1127 4375 1646 4454 promeruerunt
1668 4369 1956 4450 gloriam
1983 4371 2491 4454 sempiternam.
2566 4371 2755 4436 Dum
2784 4372 2996 4453 igitur

1126 4472 1397 4536 saevitia
1448 4468 1725 4554 judicis,
1787 4469 2100 4533 lictorum
2151 4471 2562 4548 immanitas,
2613 4479 2991 4554 martyrum

1123 4570 1478 4652 patientia,
1511 4577 1580 4633 et
1613 4588 1796 4633 mors
1828 4569 2161 4651 prolixius
2195 4572 2480 4636 recitata
2531 4571 2681 4654 pias
2731 4578 2991 4635 mentes
