3457 5887
1017 792 1288 840 nones
1335 792 1870 843 ms'romAmm.
2251 780 2376 845 163

490 955 559 1012 et
621 956 822 1012 terrae
880 949 1248 1013 liberorum
1296 956 1527 1013 custos
1591 950 1721 1012 erit
1775 950 1922 1014 sive
1975 970 2176 1027 uxor,
2225 954 2372 1018 sive
2396 970 2637 1060 &wg-

488 1047 668 1111 alius
700 1049 1169 1132 propinquior,
1202 1049 1318 1131 qui
1338 1049 1596 1132 justius
1627 1067 1779 1113 esse
1812 1050 2055 1129 debet3
2091 1060 2160 1115 et
2189 1072 2366 1134 prae-
2398 1070 2588 1120 nemi.

488 1148 694 1231 cipio,
757 1156 836 1212 ut
896 1148 1204 1212 homines
1266 1150 1398 1212 mei
1455 1148 1771 1213 similiter
1832 1168 1908 1213 se
1968 1152 2369 1217 contineant

489 1266 657 1329 erga
686 1247 861 1312 filios
893 1256 961 1312 et
992 1248 1167 1311 filias
1198 1254 1268 1311 et
1297 1268 1551 1311 uxores
1581 1247 1930 1312 hominum
1964 1269 2266 1315 suorum.

591 1346 1099 1429 ‘Monetagium
1140 1367 1521 1423 commune,
1566 1348 1752 1430 quod
1797 1349 2201 1431 capiebatur
2244 1371 2367 1433 per

489 1447 808 1511 civitates
857 1446 969 1511 vel
1019 1447 1412 1523 comitatuS,
1468 1447 1653 1529 quod
1699 1468 1839 1512 non
1881 1448 2015 1511 fuit
2058 1456 2364 1531 tempore

490 1545 812 1610 Edwardi
834 1548 1040 1628 regiS,
1062 1546 1189 1611 hoc
1209 1567 1296 1610 ne
1324 1546 1571 1610 amodo
1594 1547 1713 1611 fiat
1736 1548 2012 1611 omnino
2036 1548 2359 1629 desend03

489 1647 549 1708 si
592 1646 746 1728 quis
790 1654 1035 1728 captus
1074 1646 1300 1722 suerit,
1340 1647 1486 1710 sive
1518 1647 1936 1710 monetarius
1981 1648 2128 1712 sive
2161 1649 2361 1726 aliuS,

486 1765 641 1809 cum
676 1745 853 1810 falsa
879 1753 1176 1823 moneta,
1196 1746 1472 1829 justitia
1503 1753 1692 1810 recta
1722 1747 1880 1811 inde
1899 1746 2043 1811 fiat.
2109 1746 2362 1811 Omnia

486 1845 743 1927 placita
774 1854 843 1910 et
878 1847 1108 1910 omnia
1151 1846 1406 1921 debita,
1449 1864 1603 1927 quae
1645 1848 1794 1928 regi
1826 1845 2022 1910 fratri
2057 1866 2210 1910 meo
2244 1848 2362 1911 de-

483 1946 848 2023 bebantur,
893 1945 1227 2022 condono,
1284 1946 1591 2027 exceptis
1636 1945 1848 2008 firmis
1890 1946 2082 2022 meiS,
2124 1954 2197 2010 et
2238 1966 2359 2010 ex-

485 2046 707 2126 ceptis
750 2044 912 2121 iuis,
955 2064 1110 2127 quae
1153 2053 1359 2126 pacta
1401 2052 1595 2108 erant
1639 2064 1765 2126 pro
1806 2043 2095 2108 aliorum
2140 2045 2357 2109 haere-

486 2143 847 2221 ditatibus,
879 2144 990 2207 vel
1042 2163 1169 2226 pro
1217 2144 1353 2207 illis
1399 2145 1624 2221 rebuS,
1677 2163 1834 2226 quae
1875 2144 2135 2227 justius
2185 2145 2357 2209 alios

485 2243 997 2324 contingebant.
1100 2242 1191 2306 Et
1224 2244 1282 2306 si
1327 2245 1481 2325 quis
1515 2243 1773 2325 aliquid
1807 2262 1932 2325 pro
1964 2243 2358 2309 haereditate

486 2361 616 2406 sua
657 2343 1034 2425 pepigerat,
1082 2343 1250 2406 illud
1308 2343 1642 2419 cendone,
1688 2351 1760 2406 et
1812 2362 2048 2406 omnes
2096 2342 2357 2407 releva-

484 2441 729 2519 tiones,
760 2462 914 2525 quae
953 2463 1079 2526 pro
1111 2443 1314 2507 rectis
1344 2442 1856 2507 haereditatibus
1885 2449 2108 2524 pactae
2137 2452 2354 2507 erant.

481 2540 661 2605 Etsi
697 2543 851 2624 quis
885 2543 1218 2607 baronum
1263 2543 1372 2606 vel
1420 2542 1768 2606 hominum
1818 2561 2121 2605 meorum
2172 2542 2354 2605 infir-

476 2641 800 2720 mabitur,
862 2643 1045 2707 sicut
1102 2642 1249 2724 ipse
1306 2642 1499 2706 dabit
1551 2642 1659 2707 vel
1709 2642 1874 2705 dare
1941 2641 2354 2723 disposuerit

475 2743 836 2821 pecuniam
891 2761 1111 2818 suam,
1155 2741 1258 2805 ita
1311 2742 1542 2805 datam
1581 2761 1731 2805 esse
1760 2740 2102 2820 conced03
2170 2742 2352 2823 quod

476 2841 537 2903 si
570 2841 719 2923 ipse
749 2850 1139 2924 praeventus
1182 2841 1293 2905 vel
1338 2842 1571 2919 armis,
1614 2840 1723 2905 vel
1768 2840 2190 2918 infirmitate,
2236 2861 2353 2923 pe-

477 2941 753 3005 cuniam
796 2962 990 3005 suam
1036 2963 1171 3007 non
1215 2940 1480 3006 dederit
1527 2962 1652 3006 nec
1700 2941 1869 3004 dare
1912 2940 2350 3023 disposuerit,

478 3059 659 3105 uxor
718 3060 844 3105 sua
906 3044 1052 3105 sive
1111 3042 1303 3105 liberi
1364 3052 1486 3106 aut
1543 3048 1865 3123 parentes
1930 3048 2000 3103 et
2065 3040 2351 3121 legitimi

475 3138 783 3205 homines
828 3142 936 3205 sui
966 3161 1090 3223 pro
1132 3142 1362 3205 anima
1403 3141 1554 3225 ejus
1595 3160 1747 3204 eam
1792 3139 2131 3217 dividant,
2174 3140 2351 3205 sicut

473 3241 574 3303 eis
619 3240 859 3305 melius
902 3242 1122 3305 visum
1179 3241 1406 3304 suerit.
1509 3240 1583 3303 Si
1642 3241 1799 3323 quis
1848 3240 2180 3302 baronum
2238 3241 2346 3304 vel

468 3339 817 3404 hominum
866 3360 1166 3405 meorum
1200 3339 1622 3417 forisfecerit,
1668 3359 1805 3402 non
1848 3339 2041 3403 dabit
2071 3338 2344 3403 vadium

466 3440 540 3503 in
573 3440 1034 3505 misericordia
1067 3441 1375 3522 pecuniae
1405 3459 1575 3516 suae,
1619 3440 1798 3502 sicut
1829 3437 2125 3502 faciebat
2170 3446 2340 3502 tem-

463 3560 630 3621 pore
669 3542 885 3623 patris
932 3539 1042 3605 vel
1088 3539 1318 3602 fratris
1362 3539 1520 3616 mei,
1571 3538 1690 3602 sed
1730 3538 2104 3601 seeundum
2143 3538 2340 3602 soris-

464 3639 749 3703 facturae
794 3640 1093 3715 modum,
1138 3658 1263 3701 nec
1316 3640 1415 3702 ita
1465 3637 1852 3701 emendabit
1899 3638 2077 3700 sicut
2111 3657 2337 3701 emen-

459 3739 698 3803 dasset
727 3732 942 3802 ¹retro
976 3745 1280 3819 tempore
1310 3737 1527 3820 patris
1563 3737 1694 3800 mei
1715 3737 1827 3800 vel
1847 3736 2120 3815 fratris3
2151 3735 2338 3818 quod

458 3839 520 3902 si
560 3838 862 3921 perfidiae
891 3838 1002 3901 vel
1041 3837 1317 3901 sceleris
1353 3837 1705 3900 convictus
1739 3835 1969 3913 fuerit,
1996 3836 2178 3899 sicut
2207 3836 2338 3899 erit

457 3939 690 4021 culpa,
733 3939 832 4003 sic
873 3937 1207 4001 emendet.
1312 3935 1601 4000 Murdra
1643 3936 1848 3999 etiam
1879 3943 2063 3999 retro
2094 3936 2182 3998 ab
2215 3934 2337 3997 illa

456 4038 596 4115 die,
630 4057 773 4121 qua
812 4039 884 4101 in
923 4057 1153 4119 regem
1184 4045 1550 4100 coronatus
1582 4035 1705 4111 fui,
1737 4034 1965 4099 omnia
1998 4033 2334 4109 condono,

454 4146 525 4203 et
557 4157 641 4203 ea
674 4156 828 4220 quae
863 4137 1109 4201 amodo
1137 4135 1324 4200 facta
1356 4135 1611 4199 fuerint
1640 4135 1831 4219 juste
1866 4132 2331 4209 emendentur,

449 4238 830 4305 secundum
859 4237 1087 4318 lagam
1116 4236 1299 4318 regis
1335 4234 1678 4300 Edwardi.
1785 4234 2112 4298 Forestas
2150 4251 2334 4296 com-

524 4462 706 4513 ¹Retro
730 4456 1185 4530 tempore.]‘13etro
1206 4465 1369 4509 atem·
1420 4474 1530 4508 rum
1608 4463 1976 4508 antecessorum
2047 4472 2267 4507 meorum
2298 4458 2333 4518 3·

449 4549 571 4596 pore
593 4534 755 4596 patris
784 4533 883 4582 mei
915 4533 967 4579 in
997 4535 1217 4593 tempore
1244 4531 1369 4579 alio·
1418 4529 1564 4579 Text.
1588 4528 1717 4578 Roff.
