3457 5887
897 804 1173 854 nonas
1219 801 1743 855 mss-omnum.
2124 786 2255 852 275

380 964 670 1027 devotus
719 963 1056 1043 donavit3
1123 962 1323 1028 homo
1367 970 1596 1027 autem
1649 963 1789 1040 ille,
1833 980 1988 1026 cum
2045 962 2251 1026 dena·
2273 973 2512 1064 gig-⁰¹11&

380 1064 555 1126 rium
594 1064 997 1146 accepisset,
1049 1063 1171 1139 ait,
1201 1069 1220 1095 ‘
1243 1062 1609 1126 Retribuat
1660 1063 1788 1126 tibi
1836 1063 1921 1139 is,
1964 1081 2091 1144 pro
2134 1080 2251 1125 cu·
2272 1075 2315 1114 ⁸·
2333 1073 2505 1114 Wssffle·

372 1163 496 1246 jus
529 1179 758 1226 amore
785 1162 915 1227 hoc
947 1161 1208 1241 fecisti3
1255 1169 1325 1226 et
1360 1180 1490 1243 ego
1522 1161 1647 1226 tibi
1684 1161 1757 1224 in
1788 1161 2058 1226 nomine
2100 1160 2250 1244 ejus

378 1262 733 1339 denuntio,
798 1262 961 1345 quia
1025 1281 1114 1326 ex
1161 1260 1291 1325 hoc
1345 1261 1497 1326 loco
1541 1261 1613 1323 in
1662 1261 1854 1324 brevi
1903 1260 1991 1323 ad
2043 1258 2251 1324 alium

382 1363 799 1443 migraturus
857 1380 955 1438 es,
1008 1368 1079 1425 et
1121 1359 1281 1424 inde
1337 1360 1424 1423 ad
1484 1359 1694 1424 alium
1751 1361 2090 1425 transiens
2146 1378 2252 1422 re·

382 1463 609 1543 quiem
656 1460 932 1525 tandem
993 1459 1324 1535 invenies,
1382 1459 1476 1523 ibi
1536 1479 1754 1542 usque
1809 1460 1880 1522 in
1936 1459 2136 1523 finem
2180 1459 2253 1520 in

384 1560 520 1623 Dei
571 1561 850 1625 servitio
904 1577 1372 1642 perseveram,
1432 1565 1502 1622 et
1559 1557 1926 1623 novissime
1979 1558 2113 1622 eris
2167 1558 2255 1620 ad

381 1666 773 1724 sanctorum
807 1659 1167 1741 collegium
1200 1650 1636 1722 evocandus?

527 1832 627 1896 Do
656 1832 1025 1895 conversim
1044 1830 1243 1894 moti
1285 1828 1545 1915 Wffrici
1570 1828 1865 1894 heremitae
1891 1838 1948 1894 a
1970 1831 2108 1895 υἱέα

1149 1929 1498 2013 asper-itate.

494 2051 764 2116 Deinde
820 2060 981 2134 post
1045 2052 1399 2135 paululum
1465 2054 1539 2116 in
1603 2072 1777 2137 opus
1838 2054 2259 2119 sacerdotale

396 2150 774 2228 Willelmo,
808 2150 1079 2216 domino
1112 2152 1296 2216 villae
1327 2152 1400 2215 in
1441 2170 1580 2234 qua
1613 2159 1818 2216 natus
1861 2152 2106 2230 fuerat,
2139 2153 2262 2217 ad·

400 2251 667 2315 haerens
711 2270 957 2333 panem
1000 2252 1305 2332 quotidie
1358 2251 1429 2314 in
1472 2269 1710 2315 mensa
1753 2252 1906 2335 ejus
1951 2253 2264 2329 comedit,

388 2351 521 2414 -ubi
565 2359 635 2415 et
680 2349 763 2412 in.
804 2350 1205 2414 fortitudine
1253 2351 1472 2414 multa
1518 2349 1788 2414 lumbos
1830 2369 1994 2414 suos
2039 2352 2265 2415 accin-

399 2468 573 2531 gens
601 2451 755 2514 usui
780 2450 1055 2531 penitus
1082 2451 1388 2514 carnium
1414 2449 1782 2514 abdicavit.
1865 2449 1966 2514 At
1998 2450 2103 2514 vir
2132 2451 2267 2515 Dei

400 2556 548 2614 toto
585 2550 733 2634 jam
783 2549 1122 2613 desiderio
1174 2548 1609 2613 solitudinem
1659 2548 2012 2631 suspirans
2055 2569 2099 2613 a
2140 2550 2262 2615 do-

399 2648 586 2713 mino
634 2668 785 2726 suo,
834 2647 1053 2714 milite
1111 2649 1533 2731 supradicto,
1576 2647 1662 2712 ad
1717 2648 1924 2711 aliam
1965 2648 2262 2713 directus

397 2755 508 2812 est
539 2748 797 2825 villam,
828 2748 1102 2812 nomine
1130 2747 1656 2829 Haselbergam,
1686 2767 1844 2828 quae
1871 2748 1959 2811 ab
1989 2748 2264 2813 Exonia

400 2866 640 2912 versus
689 2847 1033 2911 orientem
1078 2847 1367 2928 triginta
1409 2846 1816 2911 milliaribus
1857 2846 2116 2911 distare
2156 2850 2261 2912 vi-

398 2947 627 3025 detur,
671 2947 931 3030 Spiritu
974 2947 1252 3024 Sanct0,
1283 2954 1363 3011 ut
1405 2947 1728 3022 creditur,
1773 2947 1904 3010 hoc
1938 2946 2263 3025 dictante,

399 3047 549 3125 ubi,
592 3049 665 3111 in
698 3046 944 3110 cellula
985 3047 1289 3111 ecclesiae
1320 3047 1649 3128 contigua
1680 3045 1960 3110 Christo
1995 3065 2070 3109 se
2109 3067 2268 3111 con-

396 3146 768 3229 sepelienS,
798 3146 1014 3211 multo
1044 3147 1277 3211 labore
1311 3145 1662 3227 multaque
1693 3146 1923 3209 carnis
1957 3164 2038 3209 ac
2067 3147 2266 3228 spiri-

399 3253 521 3310 tus
565 3245 945 3310 afflictione·
980 3244 1239 3310 Christi
1281 3245 1411 3309 sibi
1461 3246 1755 3326 gratiam
1802 3246 2265 3327 comparavit3

398 3364 569 3409 nam
607 3352 800 3409 tanto
829 3345 1093 3429 jejunio
1135 3352 1206 3409 et
1249 3344 1687 3421 abstinentia,
1730 3351 2064 3427 tantaque
2092 3345 2268 3427 vigi-

387 3444 650 3510 liarum
682 3443 1035 3523 instantia,
1068 3445 1373 3508 membra
1414 3461 1543 3506 sua
1578 3443 2034 3509 mortificabat
2065 3463 2270 3526 super

392 3552 685 3620 tem,
714 3551 793 3608 ut
836 3544 1035 3625 pellis
1067 3544 1140 3608 in
1180 3543 1374 3608 brevi
1409 3542 1678 3608 ossibus
1720 3542 2097 3620 adhaerens,
2127 3563 2264 3608 non

383 3643 551 3729 j‘am
587 3643 932 3707 carnalem
963 3643 1210 3720 virum,
1249 3643 1369 3706 sed
1411 3642 1835 3726 spiritualem
1862 3643 1935 3705 in
1975 3642 2267 3708 humano

386 3762 727 3825 corpore,
747 3742 1173 3807 intuentibus
1206 3741 1583 3806 exhiberet.
1659 3741 1941 3806 Vestitu
1978 3743 2266 3826 simplici

386 3843 628 3908 cilicio
660 3843 848 3907 intus
887 3841 1267 3906 inhaerente
1306 3847 1668 3906 contentus
1699 3848 1873 3918 erat,
1899 3841 2082 3922 quod
2117 3861 2271 3905 cum

390 3962 494 4008 ex
544 3941 1033 4006 consuetudine
1082 3941 1264 4005 infra
1313 3941 1458 4004 dies
1508 3958 1766 4023 paucos
1809 3940 2272 4019 induraverat,

389 4059 611 4106 usum
641 4039 873 4105 loricae
900 4041 1141 4123 incipit
1169 4040 1519 4119 affectare3
1555 4040 1739 4121 quod
1763 4040 2078 4104 dominus
2099 4041 2274 4125 ejus,

392 4141 610 4206 miles
649 4140 1000 4224 praefatus,
1042 4159 1197 4204 cum
1243 4139 1702 4222 cognovisset,
1744 4139 2025 4204 loricam
2067 4158 2274 4204 unam

393 4238 709 4307 contulit
733 4240 884 4304 viro
916 4238 1075 4317 Dei,
1108 4248 1180 4304 et
1208 4258 1334 4304 vas
1364 4238 1685 4303 bellicum
1723 4238 1983 4303 caelesti
2015 4239 2276 4303 militiae

393 4340 866 4406 consecravit.
947 4338 1289 4404 Noctibus
1330 4339 1405 4402 in
1435 4356 1560 4402 vas
1590 4336 1933 4421 quoddam
1977 4357 2131 4402 cum
2163 4337 2280 4401 fri-

397 4458 581 4523 gore
615 4445 686 4502 et
714 4438 1026 4502 nuditate
1064 4457 1246 4522 aqua
1278 4437 1552 4520 plenum
1584 4435 1835 4518 frigida
1872 4435 2281 4500 descendere

394 4538 705 4614 solebat,
742 4539 815 4601 in
853 4557 990 4620 quo
1029 4538 1329 4621 psalmos
1369 4535 1744 4601 Davidicos
1780 4535 2081 4599 Domino
2121 4534 2284 4599 offe-

1999 4658 2082 4704 τὶ
