3457 5887
953 857 1225 906 nonus
1269 857 1798 906 ms‘romAnuu.
2181 842 2312 907 329

443 1008 705 1089 vicerit,
731 1033 857 1078 nec
888 1014 1383 1080 verecundatur
1412 1016 1649 1080 cedere
1675 1035 1830 1080 cum
1859 1018 2307 1097 superaverit.
2336 1033 2444 1073 A-D·
2465 1035 2574 1073 11⁶⁸·

449 1113 860 1196 Insipienter
880 1093 1205 1179 attamen
1244 1116 1312 1179 in
1358 1117 1643 1181 caritate
1692 1135 1829 1179 non
1863 1115 2026 1179 ficta
2064 1116 2163 1179 sic
2204 1116 2308 1181 lo·
2334 1084 2550 1173 met

420 1213 755 1297 ‘quimur;
801 1214 920 1278 sed
963 1213 1025 1278 si
1070 1214 1180 1279 hic
1224 1215 1322 1278 rei
1358 1214 1511 1279 finis
1553 1214 1920 1291 exstiterit,
1953 1221 2055 1290 ut,
2100 1216 2306 1279 amis-
2331 1183 2416 1224 ⁸⁰⁶
2432 1183 2587 1224 ‘’⁰¹⁸¹''

446 1312 541 1375 sis
575 1314 907 1391 omnibus,
938 1313 1253 1378 dominus
1279 1313 1792 1379 cantuariensis
1824 1312 2105 1378 exilium
2131 1313 2305 1397 juge

446 1412 806 1491 sustineat,
848 1420 919 1477 et
949 1414 1219 1491 vestris,
1270 1413 1449 1496 quod
1494 1414 1696 1491 absit,
1742 1412 2084 1477 mandatis
2127 1413 2307 1478 ulte-

445 1511 587 1575 rius
618 1510 879 1595 Anglia
910 1532 1048 1577 non
1086 1512 1384 1591 obediat,
1426 1512 1667 1577 fuisset
1708 1513 1927 1576 satius
1968 1512 2308 1594 patienter

448 1610 533 1674 ad
597 1618 869 1695 tempus
923 1613 1356 1689 sustinuisse,
1409 1630 1615 1694 quam
1674 1619 1869 1676 tanto
1923 1612 2306 1676 severitatis

447 1709 593 1773 zelo
645 1710 1045 1776 deservisse.
1179 1711 1360 1791 Quid
1403 1711 1582 1775 enim
1637 1711 1696 1775 si
1741 1711 1969 1795 plures
2022 1730 2062 1775 e
2110 1712 2306 1776 nobis

447 1810 535 1873 ab
596 1810 980 1876 obedientia
1036 1818 1269 1876 vestra
1343 1812 1724 1894 persecutio
1789 1828 2106 1893 separare
2167 1831 2305 1876 non

443 1910 722 1991 poterit,
762 1931 902 1975 non
941 1909 1158 1975 deerit
1193 1916 1423 1975 tamen
1466 1910 1585 1993 qui
1624 1928 1852 1992 genua
1877 1916 2116 1973 curvet
2145 1918 2306 1975 ante

450 2008 651 2086 Baal,
696 2016 767 2073 et
817 2009 902 2074 de
958 2030 1167 2075 manu
1221 2010 1387 2075 idoli
1443 2009 1725 2092 pallium
1791 2007 2305 2082 Cantuariense,

448 2127 588 2171 non
631 2107 867 2173 habito
909 2109 1255 2192 relig-ionis
1298 2109 1591 2186 delectu,
1627 2107 1980 2191 suscipiat,
2021 2127 2146 2172 nec
2192 2108 2307 2172 de-

450 2215 651 2270 erunt
678 2208 796 2290 qui
848 2208 1044 2273 sedes
1081 2215 1348 2273 nostras
1391 2214 1806 2292 occupantes
1857 2214 1926 2271 et
1967 2206 2306 2270 cathedris

450 2307 703 2369 nostris
784 2307 1153 2372 insidentes
1223 2309 1353 2391 ipsi
1421 2315 1569 2373 tota
1630 2307 1878 2372 mentis
1947 2304 2307 2370 devotione

447 2404 791 2471 obediant.
908 2406 955 2471 J
960 2425 1069 2471 am
1133 2408 1331 2472 multi
1388 2407 1911 2490 prognosticant
1972 2405 2061 2469 ad
2119 2405 2307 2483 talia,

449 2512 766 2586 optantes
808 2513 886 2570 ut
913 2506 1192 2571 veniant
1239 2506 1589 2584 scandala,
1633 2513 1704 2571 et
1740 2505 2001 2582 directa
2042 2524 2307 2586 ponan-

450 2609 563 2666 tur
591 2604 662 2666 in
689 2624 948 2688 prava;
994 2605 1197 2682 unde,
1231 2614 1428 2689 pater
1469 2605 1922 2682 sanctissime,
1967 2624 2105 2668 non
2147 2624 2307 2687 pro-

447 2702 597 2785 pria
652 2703 1039 2787 plangimus
1093 2711 1218 2769 aut
1259 2705 1605 2788 ploramus
1656 2704 2104 2780 incommoda,
2159 2705 2305 2782 sed,

449 2801 580 2864 nisi
610 2802 716 2866 his
743 2803 939 2867 malis
969 2803 1256 2869 celerius
1288 2804 1690 2881 occurratiS,
1722 2803 1972 2868 foedam
1999 2803 2306 2868 ecclesiae

450 2899 587 2965 Dei
645 2904 1151 2969 subversionem
1199 2905 1761 2989 pertimescimus,
1815 2921 1899 2967 ne
1948 2902 2175 2982 citius,
2219 2905 2307 2968 ob

450 3002 612 3065 vitae
641 3003 939 3080 taedium,
974 3011 1285 3087 optemus
1329 3005 1611 3088 periisse
1652 3003 1830 3067 diem
1872 3002 1946 3067 in
1984 3022 2122 3086 quo
2166 3004 2311 3068 nati

452 3101 737 3164 sumus.’
838 3102 1094 3168 Eodem
1161 3123 1341 3168 anno
1402 3104 1728 3179 Thomas,
1794 3102 2312 3167 cantuariensis

452 3199 1026 3284 archiepiscopus,
1056 3202 1355 3268 Alanum
1400 3203 1485 3268 de
1524 3202 1804 3268 Nevilla
1846 3203 2311 3266 excommuni-

450 3299 661 3374 cavit,
689 3300 852 3382 quia
877 3301 1296 3367 willelmum
1335 3302 1761 3386 capellanum
1795 3320 1996 3365 suum
2021 3302 2312 3370 vinculis

453 3399 677 3463 tenuit
705 3401 1063 3465 irretitum.
1167 3401 1424 3466 Eodem
1466 3402 1703 3484 utique
1748 3408 2054 3483 tempore
2089 3400 2314 3465 Cona-

447 3517 608 3576 nus,
649 3500 928 3565 minoris
961 3500 1338 3566 Britanniae
1371 3520 1621 3577 comeS,
1649 3500 1811 3564 dum
1854 3499 1927 3563 in
1967 3499 2114 3564 fata
2155 3519 2313 3564 con-

448 3597 747 3677 cederet,
804 3619 893 3664 ex
948 3620 1181 3665 sorore
1238 3599 1419 3683 regis
1472 3600 1857 3676 Scotorum,
1908 3598 2313 3664 Constantia

450 3699 750 3777 nomine,
782 3699 992 3763 filiam
1036 3699 1313 3782 reliquit
1354 3698 1712 3777 haeredem,
1759 3717 1962 3783 quam
2007 3718 2134 3763 rex
2164 3698 2312 3763 An-

452 3795 721 3877 glorum
767 3798 1111 3863 Hem-icus
1142 3797 1476 3863 Gaufrido
1520 3799 1659 3863 filio
1701 3819 1829 3863 suo
1872 3817 2153 3863 uxorem
2199 3818 2312 3862 ac-

451 3896 710 3980 cipiens
741 3899 912 3962 etin
957 3919 1126 3982 pace
1170 3898 1537 3964 statuenda
1579 3899 1834 3982 passim
1879 3918 2001 3981 per
2036 3898 2312 3962 Britan-

453 3996 638 4060 niam
671 3998 1017 4062 studiosus
1042 3999 1371 4075 existens,
1389 3999 1615 4063 animo
1633 3998 1887 4063 clerum
1907 4006 2107 4062 terrae
2131 3998 2317 4062 illius

452 4097 585 4161 sibi
615 4098 1006 4162 conciliavit
1037 4105 1109 4162 et
1138 4098 1486 4182 populum.

554 4272 775 4335 Litora
803 4272 1158 4337 Alea-andri
1179 4294 1365 4358 papae
1394 4272 1485 4336 ad
1506 4293 1697 4358 reqem
1730 4273 2069 4336 Henricwm
2087 4293 2212 4356 pro

911 4372 1395 4437 reconciliatione
1426 4370 1583 4436 beati
1621 4371 1875 4435 Thomae.

557 4491 761 4556 Anno
806 4494 1082 4559 Domini
1139 4512 1452 4560 Mcnxlx.
1500 4515 1682 4579 papa
1728 4495 2124 4561 Alexander
2178 4492 2324 4574 regi
2351 4518 2590 4558 Asinos».

454 4591 842 4674 Anglorum
911 4613 1035 4677 pro
1103 4596 1379 4676 negotio
1444 4594 1960 4660 Cantuariensis
2022 4592 2324 4658 ecclesiae
2350 4569 2456 4659 31¹?
2439 4569 2585 4668 13:25¹
2602 4571 2647 4607 ‘⁰

649 4738 849 4808 &affl
