3457 5887
849 836 1123 887 rmus
1169 837 1697 888 msronmmm.
2081 808 2240 893 109'

340 998 707 1076 admirans,
756 1006 827 1063 et
874 1016 1188 1063 reversus
1229 998 1319 1062 ad
1370 997 1629 1063 scalam
1679 996 1998 1063 hortatur
2042 1017 2206 1064 suos
2232 1014 2341 1055 ω)
2362 1015 2473 1054 tm

337 1107 413 1164 ut
473 1098 894 1178 ascendant3
950 1098 1070 1161 sed
1117 1096 1348 1162 nullus
1402 1097 1766 1162 ascendere
1821 1116 2031 1164 ausus
2075 1107 2204 1176 est,
2229 1065 2523 1157 w.

335 1199 553 1263 donec
586 1197 1028 1263 Boamundus
1056 1216 1179 1279 per
1206 1196 1461 1260 scalam
1490 1196 1576 1260 ad
1611 1215 1776 1261 suos
1801 1196 2117 1262 rediens
2096 1218 2203 1262 m-

336 1298 757 1370 columitatis
799 1295 985 1370 dedit
1026 1295 1307 1361 evidens
1339 1303 1837 1378 argumentum.
1938 1295 2207 1362 Deinde

337 1397 652 1461 certatim
702 1395 1145 1460 ascendentes
1187 1395 1262 1458 in
1310 1403 1655 1460 momento
1698 1394 1941 1459 turrim
1985 1397 2205 1478 reple·

336 1503 612 1573 verunt,
645 1503 715 1560 et
745 1514 882 1560 non
912 1494 1134 1559 solum
1167 1494 1411 1558 turrim
1452 1495 1667 1572 illam,
1695 1493 1816 1558 sed
1845 1500 1917 1558 et
1947 1494 2031 1559 de
2064 1496 2205 1560 col-

334 1595 736 1661 lateralibus
799 1592 1164 1658 nonnullas
1225 1602 1671 1676 occuparunt,
1722 1589 1880 1676 quoe
1931 1591 2206 1659 fuerunt

336 1714 620 1759 numero
673 1693 928 1771 decem,
980 1711 1217 1757 earum
1273 1691 1671 1757 custodibus
1722 1711 1876 1757 cum
1932 1694 2205 1759 silentio

334 1793 755 1872 interfectis;
799 1800 870 1857 et
900 1791 1219 1874 deinceps
1252 1799 1524 1875 portam
1553 1811 1787 1869 unam,
1818 1812 1973 1875 quae
2007 1794 2207 1858 adul-

334 1894 561 1958 terina
602 1898 775 1970 erat,
826 1891 1235 1975 aperientes,
1296 1892 1660 1974 principes,
1709 1892 1830 1974 qui
1877 1899 2077 1957 erant
2119 1893 2205 1957 de

332 1991 620 2068 foribus,
639 1991 1100 2055 introducunt.
1203 1987 1439 2055 Crevit
1463 2009 1699 2055 eorum
1725 2010 2049 2056 numerus
2081 1992 2204 2070 ita,

333 2092 460 2174 qui
506 2091 694 2154 intus
741 2096 960 2165 erant,
1013 2096 1092 2152 ut
1138 2087 1227 2152 ad
1282 2096 1551 2172 portam
1603 2108 1760 2172 quae
1805 2088 2049 2155 Pontis
2103 2091 2205 2156 di-

336 2191 525 2254 citur
581 2194 1081 2266 concurrentes,
1127 2185 1327 2251 caesis
1371 2186 1522 2270 ejus
1580 2188 2003 2267 custodibus,
2056 2208 2207 2254 eam

341 2287 667 2373 aperiunt
698 2286 1069 2366 violenter3
1121 2293 1656 2368 cognoscentes,
1689 2288 1853 2370 quia
1893 2307 2211 2374 auroram

336 2387 698 2472 perspicue
741 2386 1073 2463 rutilaret,
1119 2386 1439 2449 cornibus
1496 2393 1567 2450 et
1614 2386 1806 2450 lituis
1855 2397 2212 2470 coeperunt

337 2493 794 2570 perstrepere,
826 2485 912 2549 ad
947 2485 1131 2549 urbis
1164 2484 1551 2567 ingressum
1587 2484 1745 2550 illos
1776 2486 1896 2569 qui
1939 2487 2012 2550 in
2057 2506 2209 2551 cas-

338 2587 470 2650 tris
513 2591 712 2650 erant
756 2585 1137 2649 animantes
1170 2603 1190 2664 ;
1251 2577 1582 2649 vexillum
1631 2604 1905 2668 quoque
1953 2585 2209 2650 domini

338 2683 729 2749 Boamundi
773 2684 844 2747 in
889 2702 1030 2748 una
1059 2683 1236 2748 turri
1277 2683 1720 2749 eminentiore
1749 2684 2050 2769 ejusdem
2085 2686 2211 2749 mi-

337 2784 543 2849 nistri
572 2782 1012 2860 collocanteS,
1045 2790 1321 2866 captam
1349 2801 1499 2847 esse
1529 2782 1937 2849 denuntiant
1966 2785 2209 2849 civita·

334 2890 508 2949 tem.
570 2886 577 2892 ’
611 2881 815 2948 Cives
870 2889 1098 2947 autem
1147 2900 1239 2946 ex
1291 2888 1488 2947 tanto
1533 2882 1833 2948 tumultu
1881 2902 2212 2967 experge-

337 2982 516 3047 facti
563 2981 903 3059 dubita'nt,
946 2980 1109 3065 quid
1164 2980 1296 3045 sibi
1342 2981 1510 3046 velit
1556 2982 1815 3048 clamor
1867 2982 1983 3048 ille
2031 2984 2215 3048 inso-

337 3082 554 3161 litus;
600 3080 720 3164 qui
761 3080 1035 3145 tandem
1068 3079 1379 3159 videntes
1422 3088 1837 3146 armatorum
1867 3082 2214 3147 discursus

339 3188 423 3245 et
463 3179 732 3263 plateas
774 3179 1151 3244 occisorum
1192 3186 1454 3243 scatere
1488 3178 1862 3258 funeribus,
1903 3180 2216 3247 domibus

334 3278 627 3357 relictis,
671 3297 825 3343 cum
869 3277 1198 3343 uxoribus
1242 3286 1313 3342 et
1361 3277 1592 3342 liberis
1644 3279 1941 3361 effugere
1990 3287 2213 3346 tenta-

334 3380 541 3456 bant,
587 3376 708 3442 sed
759 3376 1100 3459 fugientes
1150 3377 1614 3459 imprudenter
1661 3371 1961 3461 stragem
2014 3381 2211 3445 undi-

336 3497 480 3562 que
520 3478 956 3542 invenerunt.
1058 3475 1199 3555 Qui
1238 3484 1466 3542 autem
1503 3477 1578 3541 in
1610 3480 1777 3542 urbe
1813 3478 2210 3545 habitabant

338 3575 725 3642 Christiani
765 3575 1187 3640 diversarum
1230 3576 1608 3657 regionum,
1646 3578 1938 3661 arreptis
1979 3580 2209 3656 armis,

338 3678 734 3741 nostrorum
767 3675 1061 3761 coetibus
1106 3693 1181 3738 se
1222 3674 1634 3758 adjungunt,
1662 3684 1735 3741 et
1772 3684 2073 3759 stragem
2115 3679 2212 3742 ci-

340 3775 550 3840 vibus
599 3793 735 3838 non
784 3764 1132 3837 minimam
1174 3772 1592 3854 intulerunt;
1655 3774 1958 3847 aedificiis
2007 3777 2218 3859 igitur

340 3873 667 3938 omnibus
729 3892 885 3937 cum
927 3871 1387 3956 penetralibus
1438 3880 1510 3938 et
1563 3874 1932 3957 apothecis.
1967 3875 2218 3959 ubique
2263 3950 2268 3955 ,

339 3971 743 4051 confractis,
803 3991 1068 4050 aurum,
1137 3979 1522 4053 argentum,
1577 3981 1806 4038 vestes
1879 3975 2217 4057 pretiosas

340 4079 413 4136 et
465 4090 772 4153 gemmas
801 4078 872 4135 et
906 4090 1074 4135 vasa
1113 4070 1617 4153 impretiabilia,
1650 4091 1806 4137 cum
1849 4074 2100 4156 tapetis
2148 4082 2218 4139 et

340 4170 751 4235 holosericis
778 4170 959 4235 inter
986 4189 1062 4233 se
1100 4188 1300 4252 aequa
1336 4177 1525 4235 sorte
1561 4170 2072 4251 distribuentes,
2098 4172 2218 4255 qui

340 4270 545 4353 prius
601 4269 976 4334 esurientes
1030 4268 1104 4332 in
1157 4270 1464 4335 exercitu
1512 4269 1992 4336 mendicabant
2054 4278 2219 4337 tunc

341 4369 555 4433 bonis
577 4368 889 4433 omnibus
915 4367 1377 4434 abundabant.
1424 4368 1607 4433 Caesi
1627 4369 2012 4435 referuntur
2033 4370 2106 4434 in
2127 4371 2222 4435 ci-

342 4468 573 4533 vitate
597 4467 961 4551 plusquam
994 4466 1227 4531 decem
1253 4467 1470 4533 millia
1494 4468 1899 4547 Turcorum,
1933 4489 2223 4553 quorum

342 4585 645 4649 corpora
687 4586 810 4649 per
854 4566 1122 4650 plateas
1170 4566 1472 4632 civitatis
1524 4567 1999 4634 miserabiliter
2045 4568 2226 4637 inse«
