3457 5887
937 875 1214 926 nonas
1259 875 1801 926 msa-caunum
2180 858 2311 924 425

439 1042 637 1106 dinus
667 1060 821 1105 cum
864 1038 1158 1122 strepitu
1180 1025 1666 1120 'tympanorum
1699 1043 1772 1100 et
1812 1033 2206 1101 tubicinum.
2222 1035 2319 1100 a‘d¹
2336 1046 2447 1088 ΛΦ·
2465 1044 2580 1087 ¹¹⁸⁷·

438 1140 765 1223 templum
806 1139 1242 1222 properabat,
1285 1144 1354 1201 et
1398 1155 1599 1201 cruce
1639 1154 1794 1219 quae
1837 1138 1909 1199 in
1951 1140 2039 1199 eo'
2083 1143 2315 1200 erecta

443 1242 676 1305 stabat
710 1239 1047 1322 deposita,
1091 1236 1465 1320 ejectisque
1502 1254 1657 1319 quae
1696 1234 2073 1301 Christiani
2104 1253 2312 1300 vene-

442 1341 796 1417 rabantur,
828 1336 1154 1419 templum
1186 1336 1374 1401 intus
1408 1341 1481 1399 et
1515 1340 1715 1399 extra
1752 1353 1934 1416 aqua
1975 1334 2316 1399 lustrabat

446 1457 747 1515 rosacea,
780 1445 852 1501 et
894 1435 991 1500 sic
1024 1436 1273 1499 erroris
1312 1434 1419 1499 sui
1448 1434 1968 1515 superstitiones
1997 1453 2120 1516 per
2143 1452 2314 1516 qua-

445 1545 603 1602 tuor
635 1536 924 1618 ang-ulos
963 1532 1199 1615 templi
1230 1552 1482 1616 magno
1514 1530 1676 1597 fecit
1716 1532 2010 1616 strepitu
2042 1533 2314 1597 concla-

440 1637 653 1715 mari3
712 1632 1067 1700 ecclesiam
1110 1640 1371 1697 sanctae
1415 1631 1931 1696 resurrectionis
1969 1638 2040 1696 et
2081 1632 2315 1714 sepul-

441 1735 675 1801 chrum
716 1733 1151 1799 Dominicum
1194 1751 1348 1796 cum
1394 1730 1565 1795 locis
1612 1731 1769 1794 aliis
1812 1730 2314 1796 venerabilibus

444 1835 853 1919 quibusdam
889 1830 1198 1914 Syrianis
1236 1831 1366 1894 sub
1404 1837 1592 1894 certo
1624 1830 1982 1895 constituit
2013 1830 2311 1910 tributo;

440 1941 512 1998 et
552 1932 712 1997 inde
752 1931 1160 1995 festinanter
1213 1946 1620 2011 progressus
1663 1930 1866 1991 urbes
1908 1946 2141 1992 omnes
2183 1929 2314 1993 cir-

442 2048 872 2114 cumquaque
912 2028 1175 2111 positas
1209 2034 1280 2091 et
1309 2026 1561 2110 oppida
1603 2027 2026 2111 subjugavit,
2067 2034 2317 2109 praeter

444 2129 874 2217 Ascalonem>
893 2135 964 2191 et
1004 2127 1291 2210 Tyrum,
1324 2133 1396 2190 et
1439 2125 1664 2213 Crach
1703 2126 1888 2190 ultra
1918 2125 1965 2189 J
1970 2125 2315 2204 ordanem,

441 2230 624 2314 quod
659 2228 796 2293 alio
821 2226 1091 2291 nomine
1123 2225 1374 2289 dicitur
1403 2224 1920 2307 Mons-regalis.

466 2401 817 2470 Prohibitio
831 2424 1019 2488 papae
1050 2422 1124 2466 m
1152 2354 1396 2465 ecclesia
1424 2401 1497 2465 do
1527 2354 1843 2465 Akintcma
1871 2406 2280 2464 construatur.

457 2572 462 2575 -
566 2526 824 2591 Eodem
876 2544 1057 2590 anno
1110 2542 1295 2611 papa
1349 2524 1673 2590 Urbanus
1734 2522 2009 2606 scripsit
2061 2521 2310 2587 Balde-
2334 2535 2477 2577 nott«
2491 2538 2540 2577 or

442 2626 648 2704 wine,
711 2625 1189 2689 Cantuariensi
1256 2623 1792 2706 archiepiscopo,
1850 2642 1977 2706 pro
2034 2642 2211 2705 nego
2213 2624 2311 2688 tio
2334 2587 2641 2737 aeaeffiss‘h&

439 2732 816 2790 conventus
848 2724 1154 2789 ecclesiae
1186 2722 1544 2807 ejusdem’
1523 2741 1595 2787 ln
1629 2722 1778 2787 haec
1812 2723 2060 2801 verba3
2102 2716 2157 2757 ¹⁸
2137 2722 2312 2786 ‘Di-

440 2825 600 2889 lecti
637 2824 759 2888 filii
803 2824 1044 2901 nostri,
1086 2823 1272 2905 prior
1313 2830 1384 2887 et
1420 2830 1800 2888 conventus
1842 2821 2148 2887 ecclesiae
2187 2822 2315 2886 tibi

441 2924 845 3002 commissae,
873 2922 960 2988 ad
986 2928 1289 2988 nostram
1323 2922 1755 3006 praesentiam
1784 2921 2018 2987 literas
2038 2928 2109 2986 et
2140 2941 2314 2986 nun-

442 3025 576 3088 tios
618 3023 1038 3089 destinantes
1079 3030 1581 3105 proposuerunt
1628 3023 1713 3087 de
1762 3021 2072 3099 ecclesia,
2104 3041 2313 3105 quam

442 3123 780 3188 aedificare
812 3122 1108 3205 coepisti,
1145 3129 1426 3187 tantum:
1444 3123 1573 3186 sibi
1603 3128 1675 3186 et
1700 3121 2005 3186 ecclesiae
2038 3120 2312 3204 dispen-

444 3223 628 3286 dium
668 3229 1177 3307 proventurum,
1217 3221 1423 3305 quod,
1452 3222 1586 3285 nisi
1610 3221 1819 3285 fuerit
1850 3222 1939 3285 ab
1971 3220 2120 3305 ejus
2154 3238 2314 3285 con-

444 3323 818 3387 structione
857 3328 1227 3397 cessatum,
1262 3321 1662 3403 praescripta
1697 3320 1985 3385 ecclesia
2016 3338 2159 3384 suae
2193 3319 2306 3384 ho·

442 3422 732 3485 nestatis
779 3428 849 3485 et
892 3427 1118 3485 status
1155 3419 1536 3484 miserabile
1578 3420 1907 3502 suscipiet
1947 3419 2310 3484 detrimen·

443 3527 630 3600 tum;
688 3537 813 3584 nos
857 3526 1085 3584 autem
1132 3519 1420 3584 sollicite
1459 3517 1817 3601 providere
1849 3518 2182 3594 volentes,
2224 3538 2311 3583 ne

442 3619 620 3683 inter
662 3626 731 3684 te
773 3625 844 3681 et
885 3618 1130 3683 fratres
1173 3625 1330 3682 tuos
1376 3617 1664 3682 materia
1697 3625 2058 3682 'remaneat
2089 3618 2312 3702 jurgi-

445 3736 663 3795 orum,
709 3737 862 3783 cum
917 3736 1055 3781 non
1095 3724 1386 3800 possunt
1438 3718 1920 3782 convenienter
1959 3716 2310 3781 intendere

441 3816 692 3881 divinis
738 3817 1107 3900 obsequiis,
1142 3815 1260 3899 qui
1305 3823 1469 3881 sunt
1509 3817 1581 3879 in
1624 3815 2194 3894 contentionibus,
2225 3815 2310 3881 de

440 3915 725 3981 consilio
773 3915 1062 3980 fratrum
1105 3923 1491 3980 nostrorum
1532 3934 1885 3979 monemus
1920 3914 2312 3980 fraternita-

440 4022 577 4079 tem
606 4023 677 4080 et
707 4015 1015 4080 districte
1035 4014 1493 4097 praecipimus,
1515 4021 1880 4097 quatenus,
1906 4013 2122 4079 donec
2150 4034 2313 4080 cau-

443 4134 522 4179 sa
567 4115 845 4197 cognita
900 4120 1284 4178 statuamus
1333 4113 1496 4196 quid
1540 4113 1624 4177 de
1661 4114 1817 4198 ipsa
1855 4114 2000 4178 fieri
2043 4113 2312 4191 debeat,

442 4215 625 4278 omni
667 4215 1025 4279 occasione
1060 4220 1131 4276 et
1165 4212 1626 4297 appellatione
1661 4214 2068 4295 postposita,
2103 4213 2192 4276 ab
2229 4212 2312 4276 il-

444 4313 577 4376 lius
624 4315 926 4378 ecclesiae
977 4303 1484 4377 constructione
1532 4312 1850 4388 desistas,
1891 4311 2107 4374 literis
2156 4310 2309 4374 aliis

442 4430 578 4475 non
636 4413 1063 4477 obstantibus
1122 4431 1164 4476 a
1226 4410 1385 4474 sede
1447 4411 1829 4492 apostolica
1883 4409 2311 4491 impetratis!

473 4584 491 4619 ¹
507 4587 736 4653 Dilecta]
767 4588 971 4652 Diceto,
989 4586 1086 4638 col.
1108 4591 1223 4636 6⁸⁵.
1294 4585 1355 4635 In
1377 4584 1460 4634 the
1475 4587 1581 4634 text
1601 4585 1641 4633 it
1661 4586 1705 4634 is
1726 4582 2000 4634 somewbat
2019 4582 2279 4646 abridged.
