3457 5887
912 846 1188 897 nones
1233 846 1765 897 uls-ronunuu.
2142 832 2273 898 303

563 1079 663 1143 De
675 1078 1043 1164 penitentia
1071 1076 1228 1142 boati
1265 1076 1499 1141 Thomae
1525 1075 1966 1163 archiepiscopi
1975 1099 2104 1164 pro

788 1175 1313 1243 consuetudinibus
1339 1186 1548 1241 temero
1576 1176 1876 1241 concessis.

502 1294 668 1364 His¹
697 1300 797 1365 ita
818 1301 1056 1383 gestiS,
1081 1307 1390 1414 potestas
1415 1300 1639 1365 laica
1618 1321 1694 1365 1n
1719 1320 1830 1365 res
1851 1308 1922 1365 et
1942 1319 2270 1416 personas
2290 1320 2530 1411 ἴξιὲισι.

399 1398 895 1465 ecclesiasticas
932 1400 1159 1464 omnia
1200 1420 1325 1483 pro
1358 1400 1582 1477 libitu,
1614 1400 2075 1464 ecclesiastico
2111 1400 2269 1485 jure
2287 1425 2409 1470 penu
2427 1382 2522 1461 121¹?

400 1507 815 1582 contempto,
875 1499 1259 1565 tacentibus
1326 1507 1449 1564 aut
1506 1500 1627 1564 vix
1686 1481 2483 1565 murmurantibustoum.

403 1597 740 1682 episcopis
788 1599 1018 1681 potius
1069 1616 1270 1680 quam
1319 1597 1820 1675 resistentibus,
1864 1600 2267 1681 usurpabat.

402 1696 701 1761 Thomas
742 1698 978 1780 igitur,
1023 1697 1538 1762 cantuariensis
1575 1697 2155 1780 archiepiscopus,
2194 1699 2268 1764 in

404 1815 478 1859 se
510 1816 848 1875 reversus,
881 1816 1034 1861 cum
1065 1796 1254 1878 leges
1281 1797 1553 1879 iniquas
1584 1804 1656 1862 et
1687 1798 2001 1862 omnibus
2037 1797 2269 1862 Chris-

404 1896 458 1960 ti
511 1896 822 1961 fidelihus
876 1895 1315 1961 detestandas
1367 1896 1814 1961 concessisset
1855 1903 1926 1962 et
1976 1912 2096 1961 eas
2144 1898 2266 1962 ob-

402 2014 681 2060 servare
716 1995 1111 2080 juramento
1158 1994 1519 2073 firmasset,
1561 2014 1701 2059 rem
1733 2003 1988 2065 temere
2028 2017 2269 2080 perpe-

405 2102 662 2159 tratam
721 2094 1084 2175 diligenter
1136 2094 1537 2158 examinans
1605 2095 1902 2176 seipsum
1968 2098 2268 2176 graviter

410 2192 684 2271 afflixit,
754 2192 1094 2257 alimentis
1163 2192 1649 2257 austerioribus
1720 2201 1792 2257 et
1857 2193 2269 2260 indumentis

412 2312 660 2375 corpus
710 2292 1117 2369 humiliavit,
1159 2292 1577 2373 suspendens
1638 2311 1712 2355 se
1757 2293 1844 2355 ab
1892 2291 2130 2357 altaris
2172 2294 2274 2359 of-

411 2391 592 2469 ficio,
632 2392 847 2456 donec
888 2411 1010 2473 per
1051 2390 1542 2456 consessionem
1591 2399 1662 2455 et
1704 2391 2083 2474 condignos
2125 2412 2273 2475 poe-

410 2492 716 2556 nitentiae
771 2490 1032 2556 fructus
1081 2509 1126 2554 a
1166 2510 1434 2555 summo
1487 2490 1813 2572 pontifice
1861 2491 2110 2555 meruit
2158 2492 2276 2556 de-

408 2599 612 2656 votus
655 2591 963 2669 absolvi3
1009 2609 1169 2654 nam
1215 2589 1400 2654 illico
1436 2590 1710 2654 nuntios
1757 2590 1845 2654 ad
1892 2590 2276 2655 Romanam

408 2689 706 2773 dirigens
760 2691 1040 2766 curiam,
1083 2689 1247 2752 dum
1291 2707 1566 2753 causam
1612 2688 1917 2754 ecclesiae
1966 2698 2038 2753 et
2078 2709 2274 2754 suam

410 2789 495 2853 ad
579 2790 825 2854 summi
890 2789 1230 2873 pontific-is
1288 2789 1360 2852 in
1429 2787 1756 2852 schedula
1820 2790 2273 2873 conscriptam

407 2890 897 2955 transmisisset
929 2889 1412 2972 cognitionem,
1452 2888 1539 2952 ab
1578 2887 2022 2971 obligatione,
2066 2908 2270 2971 quam

407 2985 792 3054 inconsulte
822 2990 1092 3066 inierat,
1120 2989 1618 3053 absolutionem
1648 2988 1851 3070 petiit
1872 2995 1943 3052 et
1974 3006 2125 3052 eam
2153 3008 2275 3071 per

408 3089 535 3153 has
567 3097 931 3172 sequentes
961 3088 1195 3154 literas
1233 3087 1650 3171 imPetravit.

436 3281 538 3344 De
566 3279 933 3345 absolutione
956 3279 1113 3345 beati
1149 3280 1383 3346 Thomae
1399 3302 1527 3366 pro
1557 3280 1879 3345 munerario
1888 3280 2264 3365 juramento.

513 3399 998 3470 ‘’Alexander
1045 3406 1431 3487 episcopus,
1474 3411 1545 3467 et
1590 3411 1865 3468 caetera.
1930 3403 2044 3468 Ad
2085 3422 2282 3468 aures
2304 3426 2510 3478 rueme

411 3512 688 3569 nostras
734 3505 1127 3569 fraternitas
1177 3512 1301 3568 tua
1348 3502 1614 3567 noverit
1663 3503 1874 3567 fuisse
1919 3504 2281 3586 perlatum,
2302 3484 2443 3569 m*
2429 3479 2550 3568 ι’·ἶῖιῗ

409 3605 619 3686 quod,
662 3606 1020 3669 occasione
1060 3602 1416 3687 cujusdam
1465 3621 1813 3679 excessuS,
1845 3621 1887 3667 a
1917 3604 2277 3667 missarum

410 3705 849 3785 proposueris
896 3702 1352 3768 celebratione
1396 3720 1665 3766 cessare
1717 3709 1789 3766 et
1831 3722 1874 3765 a
1923 3721 2277 3767 consecra-

412 3804 598 3867 tione
662 3804 967 3885 corporis
1025 3810 1098 3867 et
1140 3801 1493 3883 sauguinis
1554 3801 1834 3865 Domini
1893 3801 2234 3866 abstinere
2259 3807 2287 3882 3·

412 3902 596 3984 quod
638 3903 874 3984 utique
922 3920 1126 3984 quam
1178 3919 1390 3983 grave
1432 3900 1548 3976 sit,
1584 3900 1929 3986 praecipue
1972 3901 2044 3965 in
2087 3909 2282 3966 tanta

408 4019 727 4083 persona,
758 4009 828 4066 et
866 4007 1200 4084 quantum
1241 3998 1401 4063 inde
1431 3998 1652 4082 possit
1692 3999 2090 4064 scandalum
2124 4020 2283 4083 pro—

411 4101 667 4180 venire,
722 4101 1015 4165 sollicita
1074 4099 1516 4164 meditatione
1569 4099 1982 4176 consideres,
2042 4107 2113 4164 et
2156 4099 2285 4164 hoc

411 4201 639 4282 ipsum
671 4200 1030 4282 vigilantia
1067 4207 1205 4264 tuae
1247 4197 1675 4262 discretionis
1716 4198 2052 4263 attendat.
2143 4198 2286 4263 De·

485 4415 501 4447 ¹
525 4417 941 4483 Rhaugara]
972 4417 1220 4482 Compare
1240 4418 1323 4468 the
1372 4415 1525 4465 dated
1560 4415 1705 4477 Sene,
1725 4415 1811 4465 the
1835 4419 1915 4465 let
1934 4413 2100 4478 April.
2171 4415 2222 4464 lt
2243 4416 2288 4464 is

414 4487 716 4550 Quadrilog.
737 4504 790 4551 p.
815 4493 898 4553 89,
915 4505 1041 4554 seqq.
1371 4485 1588 4547 printed,
1608 4485 1734 4534 with
1760 4486 1845 4535 the
1866 4486 2093 4534 addition
2114 4484 2172 4532 of
2194 4499 2288 4533 one

1373 4569 1430 4604 or
1469 4560 1572 4604 two
1620 4555 1958 4617 unimportant
2015 4557 2291 4617 sentences,

486 4617 820 4671 'Ale-vender.
836 4615 865 4689 ]
896 4620 1019 4671 This
1052 4623 1328 4672 letterwes
1374 4624 1701 4689 mongsuhe
1724 4625 1971 4689 letters,i.
1992 4637 2074 4685 ep.
2096 4623 2237 4672 xxvi.
