3457 5887
860 788 1135 838 phones
1181 789 1724 841 ms'romAnuM:
2089 779 2239 844 369·

341 944 644 1023 fretavit,
691 950 762 1010 et
797 945 1198 1011 duodecimo
1230 944 1557 1012 kalendas
1586 948 2007 1040 Septembris
2035 953 2218 1035 apud
2244 968 2351 1010 an.
2374 969 2484 1011 mn.

341 1043 769 1109 Wintoniam
836 1045 1199 1129 praefatam
1258 1046 1726 1128 Margaretam
1798 1050 2219 1130 Rotbrodus,

341 1143 922 1226 Rothomagensis
966 1144 1538 1229 archiepiscopuS,
1587 1150 1659 1211 in
1714 1150 2020 1230 reginam
2066 1150 2218 1215 An-

340 1242 525 1324 gliae,
555 1245 1097 1309 ministrantibus
1144 1245 1276 1309 sibi
1312 1246 1715 1328 quibusdam
1765 1249 2217 1331 suffraganeis

343 1341 859 1409 Cantuariensis
887 1344 1217 1421 ecclesiae,
1249 1348 1695 1411 consecravit.
1802 1348 2062 1413 Eodem
2089 1368 2217 1413 an-

342 1459 431 1505 no
478 1440 894 1521 GilebertuS,
946 1443 1443 1508 Londoniensis
1486 1445 1870 1529 episcopuS,
1903 1450 2215 1531 praestito

330 1539 725 1623 juramento
771 1541 954 1625 quod
995 1550 1284 1607 mortem
1328 1543 1513 1607 beati
1554 1544 1839 1610 Thomae
1891 1550 2211 1631 martyris

340 1658 467 1704 nec
509 1643 740 1721 verbo,
789 1661 915 1706 nec
962 1642 1171 1719 facto,
1229 1661 1355 1705 nec
1408 1643 1663 1725 scripto
1709 1645 2004 1710 scienter
2052 1668 2211 1730 pro-

340 1741 633 1819 curavit,
662 1761 787 1806 suo
818 1748 925 1807 est
957 1741 1177 1806 officio
1209 1742 1591 1807 restitutus.

346 1914 524 1988 Quod
542 1915 848 1982 Iohannes
858 1918 1042 2000 filius
1070 1919 1229 2002 reglis
1255 1938 1500 1982 uxorem
1524 1917 1728 1995 duxit,
1762 1928 1818 1982 et
1843 1918 1918 1982 do
1945 1919 2214 1985 electione

803 2017 1263 2082 Cantuarionsis
1288 2017 1752 2102 archiepiscopi.

466 2136 668 2203 Anno
702 2140 981 2205 Domini
1016 2154 1388 2204 Mcnxxm.
1434 2157 1561 2202 rex
1592 2137 1982 2219 Anglorum
2018 2135 2214 2201 Hen—
2236 2148 2512 2239 ssgssgssn

341 2236 526 2301 ricus
571 2237 619 2302 J
624 2238 878 2303 ohanni
921 2239 1062 2303 filio
1118 2258 1271 2315 suo,
1319 2244 1771 2319 cognomento
1809 2236 2213 2314 Sine-terra,
2234 2250 2463 2290 mmm

321 2336 462 2400 ‘vix
503 2345 900 2420 septennem
940 2332 1179 2401 ¹filiam
1239 2336 1539 2401 Huberti
1598 2336 1869 2400 comitis
1918 2335 2002 2399 de
2056 2336 2211 2401 Mo-

338 2433 535 2499 riana
596 2438 1145 2519 primogenitam,
1209 2455 1419 2518 quam
1476 2455 1565 2500 ex
1624 2436 1868 2500 relicta
1926 2434 2211 2500 Henrici

336 2532 530 2598 ducis
589 2534 912 2601 Saxoniae
970 2536 1366 2614 sustulerat,
1416 2536 1487 2599 in
1546 2554 1871 2618 sponsam
1920 2535 2208 2618 accepit.

339 2632 597 2698 Eodem
641 2637 848 2700 etiam
897 2656 1077 2723 anno
1116 2629 1522 2712 'Robertus,
1560 2636 1774 2698 abbas
1819 2634 2207 2713 Beccensis,

337 2732 553 2814 pridie
594 2754 813 2799 nonas
848 2734 1089 2799 Martii
1127 2735 1308 2817 apud
1350 2733 1851 2812 Lamehitham,
1905 2752 2206 2817 praesen-

338 2831 521 2895 tibus
564 2832 1012 2915 suffraganeis
1056 2833 1360 2897 ecclesiae
1396 2832 1932 2909 Cantuariensis‚
1974 2834 2048 2897 in
2094 2853 2206 2897 ar-

336 2928 840 3014 chiepiscopum
876 2931 1186 3016 praefatae
1230 2932 1534 2997 ecclesiae
1579 2940 1687 2997 est
1730 2933 2036 3013 electus;
2087 2931 2208 2997 sed

333 3029 550 3094 abbas
611 3031 729 3096 ille
786 3033 1102 3098 electioni
1159 3031 1362 3097 factae
1428 3033 1700 3114 penitus
1765 3032 2208 3110 contradixit,

328 3135 563 3193 utrum
617 3131 1200 3214 pusillanimitatis
1243 3132 1521 3207 intuitu,
1556 3150 1645 3194 an
1691 3131 2064 3214 religioniS,
2106 3131 2211 3195 in-

328 3236 621 3295 certum.
744 3231 1003 3296 Eodem
1042 3249 1223 3295 anno
1265 3250 1388 3294 rex
1431 3230 1777 3294 Henricus
1812 3230 2093 3315 juvenis
2134 3233 2206 3294 in
2230 3248 2513 3338 genutenus

325 3328 619 3393 consilio
661 3330 895 3394 abiens
943 3331 1305 3413 impiorum
1348 3330 1649 3394 animum
1684 3349 1886 3393 sunm
1925 3349 1968 3394 a
2013 3338 2205 3412 patre
2230 3310 2459 3399 ιιιῗσῖωῃε

322 3426 638 3504 divertit,
691 3435 763 3492 et
799 3429 886 3493 ad
929 3448 1238 3494 socerum
1271 3449 1470 3493 suum
1508 3448 1739 3511 regem
1787 3428 2209 3493 Francorum

321 3525 617 3591 secessit
647 3547 665 3605 3
730 3547 867 3609 quo
906 3529 1113 3607 facto,
1151 3527 1538 3593 Richardus
1585 3528 1730 3592 dux
1766 3526 2208 3610 Aquitanniae

323 3632 400 3688 et
458 3622 837 3689 Gaufridus
893 3646 1119 3691 comes
1172 3628 1578 3705 Britanniae,
1625 3627 1912 3691 consilio
1970 3628 2207 3691 matris

323 3742 500 3801 suae,
528 3731 608 3788 ut
636 3724 1013 3803 dicebatur,
1042 3725 1332 3790 Alienor
1357 3726 1637 3809 reginae,
1664 3726 1945 3791 fratrem
1976 3727 2206 3809 potius

322 3821 685 3904 elegerunt
735 3825 930 3907 sequi
984 3844 1189 3907 quam
1239 3832 1529 3908 patrem.
1650 3826 1863 3890 Fiunt
1903 3825 2205 3907 undique

323 3922 860 4006 conjurationes,
888 3924 1061 3988 flunt
1094 3925 1356 4005 rapinae
1391 3932 1464 3989 et
1503 3923 1841 4003 incendia,
1876 3932 1948 3988 et
1975 3925 2098 4002 sic,
2129 3932 2208 3988 ut

323 4021 652 4100 creditur,
684 4024 757 4087 in
788 4024 1117 4088 ultionem
1155 4024 1344 4087 beati
1388 4022 1670 4087 Tbomae
1698 4024 2021 4105 martyris
2059 4042 2213 4086 sus-

320 4119 570 4185 citavit
615 4122 806 4187 Deus
840 4123 1106 4188 viscera
1151 4123 1335 4204 regis
1391 4121 1676 4188 Henrici
1730 4129 1972 4187 contra
2030 4141 2209 4199 eum,

407 4345 631 4400 'Filium
667 4353 881 4403 liuberti
917 4391 931 4405 .
964 4391 977 4406 .
1010 4390 1025 4404 .
1064 4355 1243 4419 primo·
1293 4354 1413 4404 died
1456 4354 1624 4404 before
1671 4352 1757 4403 the
1814 4353 2062 4414 marriage
2104 4365 2212 4400 was

316 4418 546 4481 genitam
562 4421 606 4485 ,·]
639 4423 805 4484 Alice,
818 4424 901 4473 the
916 4425 1055 4474 elder
1071 4425 1129 4474 of
1143 4429 1244 4473 two
1295 4424 1685 4473 consummated.

320 4489 621 4552 daughters,
632 4493 845 4554 coheirs,
857 4493 917 4542 οἱ
932 4494 1150 4556 Hubert,
1161 4494 1245 4542 the
1370 4489 1391 4520 ²
1409 4491 1689 4555 noberta]
1725 4491 1973 4553 Compare
1996 4490 2210 4540 Gervas.

322 4559 516 4609 second
541 4563 645 4611 carl
677 4562 734 4611 of
762 4563 1077 4613 Maurienne.
1146 4562 1246 4614 She
1303 4561 1401 4611 col.
1425 4564 1568 4611 142³.

433 4666 588 4714 vot..
627 4667 705 4716 11.
1800 4650 1844 4711 2
1875 4668 1914 4713 n
