3457 5887
1170 862 1301 927 108
1668 877 1935 927 ιιοσιιιιι
1980 879 2077 926 nn
2117 877 2530 927 wunnovns

854 1054 1095 1153 &33⁹3
1160 1036 1310 1122 jam
1343 1044 1542 1101 nocte
1571 1036 1795 1101 media
1827 1035 2257 1112 adveniente,
2287 1054 2444 1099 cum
2473 1055 2548 1099 se
2590 1033 2838 1099 civitas
2880 1039 3037 1101 uni·

852 1155 1146 1196 mam-aa.
1170 1156 1373 1202 versa
1398 1138 1613 1220 quieti
1644 1137 1968 1213 dedisset,
1997 1137 2437 1218 interpretem
2469 1134 2919 1199 domesticum
2947 1137 3036 1200 ad

1167 1236 1567 1319 praedictum
1616 1236 1850 1318 dirigit
1894 1234 2211 1313 amicum,
2259 1241 2338 1298 ut
2379 1234 2469 1296 ab
2514 1234 2668 1316 ipso
2714 1235 3041 1318 inquirat,

1167 1343 1399 1399 utrum
1455 1336 1587 1400 sibi
1642 1335 1865 1400 adhuc
1921 1334 2183 1399 domini
2240 1333 2352 1397 sui
2404 1333 2735 1397 familiam
2792 1335 3038 1400 adesse

1166 1434 1355 1501 velit.
1456 1433 1853 1499 Adveniens
1903 1441 2134 1499 autem
2197 1431 2479 1497 nuntius
2545 1432 2684 1510 ille,
2749 1453 2906 1498 cum
2971 1435 3036 1498 ei

1166 1535 1376 1600 verba
1401 1534 1656 1600 domini
1687 1535 1796 1598 sui
1828 1534 2286 1618 exposuisset,
2313 1531 2664 1615 respondit
2692 1532 2781 1610 ei,
2808 1539 2831 1568 ‘
2856 1533 3035 1597 Sede

1165 1632 1278 1697 hic
1320 1634 1592 1716 quietus
1628 1641 1703 1697 et
1742 1641 1920 1710 tace,
1961 1633 2179 1698 donec
2225 1639 2534 1697 revertar
2572 1631 2661 1696 ad
2696 1632 2813 1696 te.’
2903 1632 3037 1698 Ille

1167 1753 1331 1799 vero
1358 1733 1710 1816 paululum
1742 1741 2154 1815 exspectans
2184 1749 2552 1815 quousque
2570 1732 2899 1814 magister
2929 1734 3035 1798 vi-

1166 1832 1407 1913 gilum,
1457 1833 1575 1945 qui
1630 1839 1736 1896 ter
1777 1832 1889 1897 vel
1932 1839 2177 1915 quater
2225 1831 2299 1894 ιιι
2349 1837 2551 1896 nocte
2592 1849 2825 1895 muros
2874 1851 3032 1896 cum

1164 1930 1449 1995 laternis
1474 1930 1759 1995 circuire
1785 1937 2257 2009 consueverat,
2286 1930 2348 1993 si
2381 1949 2556 2013 quos
2585 1949 2675 1994 ex
2702 1931 3035 1996 ministris

1163 2029 1501 2094 inveniret
1539 2030 2028 2109 somnolentos,
2064 2030 2536 2114 pertransiret,
2566 2030 2882 2112 protinus
2924 2031 3030 2094 vir

1164 2127 1305 2203 ille,
1332 2128 1484 2192 visa
1513 2130 2054 2212 opportunitate,
2088 2129 2177 2194 ad
2205 2129 2525 2193 nuntium
2557 2148 2876 2193 reversus
2905 2131 3028 2208 ait,

1164 2231 1187 2260 ‘
1206 2225 1405 2292 Vade
1441 2228 1581 2294 cito
1622 2235 1694 2293 et
1727 2228 1837 2293 dic
1867 2229 2142 2293 domino
2185 2236 2332 2306 tuo,
2370 2235 2449 2293 ut
2480 2226 2771 2293 festinus
2819 2228 3030 2293 adve-

1163 2324 1309 2391 niat
1349 2346 1506 2391 cum
1532 2328 1701 2392 viris
1734 2328 2013 2393 electis.⁵
2112 2326 2253 2406 Qui
2302 2328 2506 2392 citius
2548 2327 2637 2392 ad
2677 2326 3030 2392 dominum

1163 2444 1515 2490 recurrens
1542 2427 1807 2492 invenit
1836 2446 1990 2491 eum
2036 2447 2192 2491 cum
2226 2426 2645 2510 principibus
2684 2435 3031 2510 paratum,

1162 2533 1234 2589 et
1258 2525 1466 2605 illico,
1494 2526 1675 2592 sicut
1714 2527 2032 2591 instructi
2063 2533 2284 2605 erant,
2317 2527 2547 2591 subito
2587 2534 2747 2592 ante
2784 2529 3029 2591 turrim

1161 2624 1559 2706 praedictam
1620 2626 1819 2709 quasi
1876 2626 1984 2690 vir
2041 2645 2221 2690 unus
2268 2626 2344 2689 ιιι
2396 2627 2697 2690 maximo
2750 2626 3027 2693 silentio

1160 2724 1549 2789 astiterunt.
1636 2725 1917 2808 Emyfer
1942 2725 2207 2790 interea
2235 2725 2477 2789 turrim
2505 2726 2858 2808 ingressus
2888 2726 3026 2790 sta·

1160 2829 1334 2887 trem
1367 2824 1618 2906 reperit
1658 2843 1900 2889 somno
1946 2831 2312 2907 gravatum
2341 2845 2360 2905 3
2404 2823 2602 2909 cujus
2644 2832 2943 2890 mentem
2982 2845 3026 2890 a

1159 2941 1286 2988 suo
1328 2923 1680 3008 proposito
1709 2923 1934 2989 sciens
1966 2923 2282 3003 alienam,
2315 2924 2562 2989 timens
2600 2945 2686 2989 ne
2717 2945 2847 3009 per
2871 2946 3026 2991 eum

1155 3022 1447 3107 inceptae
1479 3024 1578 3088 rei
1604 3023 2160 3107 impedimentum
2187 3024 2513 3103 eveniret,
2535 3024 2767 3107 gladio
2799 3032 3028 3090 trans-

1157 3124 1473 3187 verberat
1515 3124 1765 3206 ipsum,
1808 3122 1992 3188 facto
2041 3123 2277 3188 eodem
2321 3124 2476 3206 pius
2528 3131 2599 3189 et
2642 3124 3023 3190 sceleratus

1155 3222 1501 3302 existens3
1559 3231 1720 3305 post
1766 3222 1916 3287 haec
1968 3229 2198 3286 autem
2250 3222 2519 3288 rediens
2565 3230 2635 3287 et
2678 3225 3022 3308 principes

1152 3328 1434 3403 paratos
1478 3322 1924 3404 conspiciens,
1958 3321 2187 3386 funem
2228 3321 2524 3387 demittit
2547 3321 2853 3402 inferius,
2882 3343 3021 3406 quo

1150 3420 1408 3482 scalam
1447 3419 1534 3483 ad
1566 3439 1641 3482 se
1667 3420 2021 3502 pertrahat
2053 3421 2502 3487 sublevatam.
2603 3421 2858 3489 Erecta
2889 3424 3021 3506 igi·

1150 3523 1267 3580 tur
1304 3517 1516 3596 scala,
1548 3510 1782 3582 ¹nemo
1825 3528 2136 3603 repertus
2178 3528 2306 3599 est,
2340 3521 2459 3604 qui
2501 3520 2587 3584 ad
2620 3541 2861 3587 vocem
2905 3543 3024 3589 su-

1149 3616 1436 3698 perioris
1484 3615 1597 3681 vel
1643 3617 1731 3680 ad
1767 3637 2002 3683 vocem
2051 3618 2436 3684 Boamundi
2486 3629 2861 3703 praesumat
2906 3642 3019 3687 as-

1149 3715 1456 3794 cendere,
1507 3716 1957 3799 proditionem
2014 3726 2393 3783 metuentes
2425 3739 2444 3800 3
2521 3721 2706 3803 quod
2768 3721 3013 3787 videns

1149 3813 1589 3879 Boamundus
1623 3817 1928 3882 ascendit
1951 3817 2134 3882 illico
2160 3819 2418 3883 scalam
2443 3819 2848 3933 intrepidus.
2909 3819 3012 3887 At

1146 3913 1427 3997 Emyfer
1459 3922 1697 3980 tenens
1725 3934 2000 3980 manum
2027 3916 2176 4011 ejus
2206 3918 2420 4013 traxit
2450 3938 2605 3983 eum
2637 3919 2708 3983 ιιι
2741 3922 3012 4000 turrim,

1142 4012 1398 4093 dicens,
1442 4014 1706 4080 ‘Vivat
1749 4015 1896 4080 haec
1939 4017 2243 4082 manusl’
2287 4026 2359 4082 et
2389 4018 2645 4083 ducens
2687 4038 2842 4083 eum
2897 4021 3008 4083 in-

1142 4113 1379 4192 terius,
1408 4114 1706 4180 ostendit
1754 4116 1817 4181 ei
1860 4114 2162 4195 fratrem,
2193 4136 2396 4200 quem
2439 4137 2566 4201 pro
2610 4138 2814 4202 opere
2858 4127 3005 4183 tam

1139 4220 1378 4276 sancto
1408 4221 1797 4292 necaverat,
1833 4215 2053 4281 amico
2084 4235 2362 4280 causam
2391 4236 2766 4301 exponens.
2829 4217 3010 4284 Ruit

1137 4310 1350 4393 igitur
1371 4312 1812 4378 Boamundus
1842 4315 1912 4378 in
1937 4315 2173 4380 oscula
2198 4316 2327 4381 viri
2360 4318 2820 4382 constantiam
2851 4318 3007 4402 ejus

1202 4525 1219 4558 ¹
1244 4528 1397 4578 Nemo
1430 4534 1645 4593 apertus
1677 4531 1794 4595 een]
1851 4532 1868 4559 ‘
1891 4532 2038 4582 Solus
2086 4533 2385 4587 Theseum.
2406 4535 2887 4586 Mantua-aonam
2907 4536 3008 4587 eol.

1132 4598 1489 4649 Bohemundus
1508 4599 1718 4650 foederis
1751 4601 1847 4651 fide
1881 4601 2040 4653 fultus
2087 4608 2201 4654 6⁰⁴.

1129 4683 1219 4729 per
1260 4668 1426 4719 sunem
1469 4666 1725 4722 ascendi&
1795 4671 2038 4723 Bernard.
