3457 5887
1243 818 1372 883 102
1742 833 2007 883 nouum
2054 833 2148 882 nn
2192 833 2605 882 wnmovnn

930 1006 1039 1047 A.1>.
1055 1008 1171 1049 ιωι.
1245 1008 1365 1056 eos
1426 991 1545 1074 qui
1608 1010 1825 1074 nuper
1881 991 2300 1056 advenerant
2355 1009 2566 1075 quam
2625 990 2799 1055 alios
2858 990 2980 1073 qui
3027 990 3121 1054 ad

924 1057 1225 1150 3¹⁸3&
1245 1109 1434 1155 mare
1475 1090 1988 1169 descenderant,
2029 1093 2158 1155 sub
2200 1090 2398 1155 salvo
2430 1090 2519 1155 ad
2563 1097 2794 1154 castra
2839 1090 3124 1154 reduce-

1248 1197 1417 1254 rent.
1521 1189 1900 1255 Audientes
1949 1196 2180 1255 autem
2227 1189 2668 1268 Antiocheni,
2706 1189 2894 1303 quod
2946 1208 3127 1272 prae-

1249 1289 1415 1354 dicti
1439 1290 1780 1372 principes
1818 1289 1907 1354 ad
1934 1307 2121 1354 mare
2156 1288 2671 1366 descenderant,
2701 1289 2930 1353 missis
2959 1307 3130 1372 qua?

1250 1396 1409 1453 tuor
1450 1388 1750 1453 millibus
1792 1388 2270 1472 expeditorum
2310 1388 2630 1465 militum,
2672 1387 2811 1453 illis
2854 1388 3129 1454 obviam

1252 1494 1752 1572 processerunt,
1793 1495 1874 1552 ut
1914 1495 2240 1571 parantes
2283 1488 2665 1572 peregrinis
2691 1487 2978 1552 insidias
3010 1506 3130 1551 eos

1251 1585 1632 1652 interficere
1675 1586 2111 1669 laborarent3
2168 1587 2427 1653 factum
2487 1595 2598 1652 est
2653 1595 2909 1664 autem,
2972 1606 3127 1650 cum

1257 1686 1478 1770 plebei
1535 1686 1879 1770 peregrini
1959 1706 2116 1751 cum
2183 1687 2598 1752 victualibus
2664 1694 2736 1751 et
2798 1685 3132 1769 jumentis

1259 1783 1524 1850 onustis
1554 1786 1847 1850 inermes
1884 1786 2185 1852 redirent
2224 1786 2313 1849 ad
2348 1792 2603 1863 castra,
2643 1785 2856 1849 Turci
2898 1786 2988 1848 ab
3029 1786 3133 1849 in-

1261 1884 1453 1948 sidiis
1499 1892 1931 1967 erumpentes
1986 1886 2060 1950 in
2103 1886 2289 1969 ipsos
2336 1905 2474 1950 non
2528 1885 2829 1967 segniter
2871 1885 3133 1967 irrupe-

1260 1991 1464 2065 runt3
1531 1992 1772 2049 contra
1832 2004 2008 2067 quos
2066 2004 2221 2050 cum
2286 1984 2627 2068 principes
2684 1983 2957 2067 praefati
3017 1984 3132 2047 diu

1261 2083 1752 2161 decertassent,
1816 2084 2129 2150 videntes
2202 2084 2478 2149 tandem
2546 2084 2875 2166 imparem
2938 2083 3135 2146 nimis

1264 2182 1654 2248 conflictum
1703 2190 1944 2249 contra
2006 2190 2272 2249 tantam
2321 2183 2703 2249 Turcorum
2762 2182 3140 2247 multitudi-

1265 2301 1445 2360 nem,
1476 2299 1631 2346 cum
1659 2281 1798 2348 illis
1828 2283 1947 2366 qui
1974 2302 2094 2349 eos
2132 2283 2330 2366 sequi
2369 2289 2690 2366 poterant
2724 2282 3139 2358 recedentes,

1266 2381 1355 2446 ad
1393 2387 1624 2446 castra
1674 2381 1761 2446 de
1803 2381 1955 2447 loco
2004 2382 2395 2447 certaminis
2445 2381 2831 2459 redierunt3
2882 2380 3141 2446 cecide-

1264 2487 1429 2544 runt
1474 2487 1702 2544 autem
1751 2480 1846 2544 ibi
1896 2501 1986 2546 ex
2045 2482 2458 2564 pauperibus
2505 2481 2886 2564 peregrinis
2945 2481 3141 2564 quasi

1266 2580 1555 2643 trecenti
1583 2578 1952 2662 promiscui
1976 2598 2185 2645 sexus
2214 2587 2286 2646 et
2312 2578 2564 2646 aetatis.

1365 2754 1464 2821 Do
1489 2763 1693 2840 stu-ayo
1732 2754 2069 2821 Moerum
2059 2755 2459 2920 φαῶξὲἴῗωα
2490 2765 2546 2821 a
2563 2755 2785 2844 praelio
2810 2764 3053 2821 eatena

2045 2855 2160 2919 im

953 3001 1073 3052 ειη-
1087 3002 1139 3042 or
1368 2974 1585 3044 Venit
1613 2980 1879 3044 interea
1910 2998 2142 3043 rumor
2169 2979 2240 3043 in
2269 2986 2524 3059 castra,
2562 2979 2755 3095 quod·
2781 2981 3145 3063 peregrini,
3184 3046 3188 3049 ,

1269 3078 1389 3160 qui
1420 3078 1506 3142 de
1538 3079 1710 3144 mari
1748 3079 2189 3157 advenerant,
2229 3078 2532 3144 hostium
2574 3079 2646 3143 in
2688 3080 2806 3144 via
2843 3082 3146 3164 perpessi

1270 3176 1555 3241 insidias
1588 3197 1821 3243 omnes
1852 3178 2209 3261 repentino
2239 3178 2501 3262 impetu
2528 3180 2987 3260 corruissent3
3031 3180 3146 3244 sed

1271 3276 1434 3340 dum
1483 3277 1630 3342 baec
1685 3278 1866 3342 inter
1916 3298 1992 3342 se
2051 3277 2389 3361 principes
2449 3278 2650 3343 nimis
2709 3278 3147 3345 condolentes

1273 3376 1719 3453 ruminarent,
1768 3395 1925 3440 ecce
1968 3377 2413 3442 Boamundus
2460 3385 2534 3442 et
2580 3385 2741 3461 post
2791 3378 3148 3460 paululum

1276 3492 1503 3538 comes
1535 3474 1970 3539 Tholosanus
2003 3476 2091 3539 ad
2125 3484 2354 3541 castra
2386 3479 2848 3555 revertuntur,
2888 3497 3150 3542 casum-

1277 3591 1411 3654 que
1439 3574 1558 3655 qui
1590 3573 1931 3638 acciderat
1974 3575 2393 3659 principibus
2436 3584 2876 3660 exponentes.
2981 3577 3147 3642 Axi-

1280 3691 1453 3736 anus
1503 3673 1761 3755 itaque,
1797 3673 2112 3738 dominus
2146 3675 2473 3753 civitatis,
2509 3696 2932 3758 cognoscem
2970 3676 3149 3760 quod

1280 3772 1389 3835 sui
1418 3772 1712 3837 victores
1747 3780 1966 3851 erant,
2007 3776 2337 3859 proecepit
2370 3783 2609 3858 portas
2643 3776 2832 3840 urbis
2865 3778 3152 3861 aperire,

1282 3878 1361 3935 ut
1387 3871 1571 3936 cives
1601 3879 2017 3937 revertentes
2061 3873 2348 3938 liberum
2388 3873 2717 3940 haberent
2745 3876 3149 3957 ingressum.

1284 3970 1415 4034 Sed
1466 3972 1808 4056 principes
1855 3973 2095 4051 nostri,
2145 3973 2562 4038 confratrum
2600 3977 3004 4058 sanguinem
3046 3976 3151 4041 ul-

1282 4070 1445 4134 cisci
1505 4073 1910 4154 cogitanteS‚
1967 4072 2053 4136 ad
2114 4092 2304 4137 arma
2352 4074 2826 4152 convolarunt,
2884 4084 2956 4140 et
3016 4076 3154 4139 dis-

1283 4170 1524 4251 positis
1572 4172 1846 4235 aciebus
1894 4171 2203 4236 hostibus
2253 4180 2642 4251 occurrunt,
2674 4182 2743 4238 et
2773 4175 2981 4239 solita
3012 4175 3155 4257 gla-

1283 4268 1415 4331 diis
1463 4270 1929 4335 incumbentes
1987 4273 2376 4336 constantia
2426 4274 2497 4335 in
2541 4272 2807 4338 Turcos
2861 4275 3151 4351 irruunt,

1286 4367 1428 4449 qui,
1495 4388 1638 4452 prae
1695 4371 1938 4435 timore
1999 4372 2384 4452 agminibus
2446 4372 2821 4450 dissolutis,
2876 4383 3150 4457 pontem

1286 4467 1585 4531 civitatis
1634 4470 1945 4533 certatim
1981 4470 2285 4535 obtinere
2332 4473 2792 4550 contendunt3
2848 4474 2971 4536 sed
3013 4473 3150 4537 dux

1288 4566 1750 4650 Lotharingiae
1779 4568 2212 4648 GodefriduS,
2256 4590 2410 4635 cum
2455 4573 2597 4635 suis
2636 4579 2912 4654 pontem
2957 4593 3153 4637 occu-
