3457 5887
992 884 1267 933 nonus
1313 883 1851 934 ms‘ronuuuu.
2226 871 2357 938 267

482 1045 633 1110 Illis
678 1045 893 1128 igitur
938 1046 1226 1109 militem
1275 1063 1397 1128 per
1444 1044 1740 1127 patriam
1790 1044 2357 1125 conducentibus,
2378 1061 2489 1103 Δ».
2509 1062 2624 1101 ¹1⁵³-

477 1147 887 1210 invenerunt
938 1152 1011 1209 et
1067 1145 1171 1208 illi
1222 1142 1669 1208 ostenderunt
1719 1151 1927 1227 prata
1970 1147 2357 1210 amoenissi-
2378 1112 2666 1254 ὥστ

481 1265 594 1309 ma
654 1245 944 1310 diversis
995 1244 1280 1309 floribus
1339 1243 1814 1327 fructibusque
1871 1252 1942 1308 et
1998 1244 2360 1309 herbarum

484 1347 940 1428 arborumque
981 1344 1498 1409 multiformium
1537 1343 1885 1421 decorata,
1933 1362 2023 1407 ex
2072 1362 2362 1426 quorum

484 1446 850 1510 suavitatis
887 1444 1096 1509 odore
1144 1443 1219 1506 in
1267 1450 1624 1521 aeternum,
1667 1452 1749 1508 ut
1789 1443 1922 1507 sibi
1964 1444 2188 1509 visum
2230 1452 2361 1523 est,

485 1545 717 1609 vivere
758 1546 1137 1628 potuisset;
1199 1561 1342 1608 nox
1393 1543 1586 1606 illam
1644 1543 2012 1626 aliquando
2062 1563 2199 1608 non
2240 1546 2362 1608 ob-

488 1645 776 1722 nubilat,
818 1645 984 1727 quia
1024 1662 1293 1726 semper
1329 1642 1590 1707 caelesti
1618 1642 1916 1724 quadam
1947 1643 2261 1708 claritate
2293 1652 2363 1709 et

487 1743 811 1808 ineffabili
839 1742 1200 1826 splendore
1226 1749 1566 1807 coruscat.
1666 1741 1967 1807 Tantam
2009 1743 2104 1806 ibi
2147 1743 2365 1807 homi-

490 1863 652 1907 num
675 1845 1011 1908 bonorum
1028 1843 1383 1925 utriusque
1409 1861 1619 1906 sexus
1643 1842 1813 1908 vidit
1836 1842 2363 1920 multitudinem,

490 1950 820 2025 quantam
869 1943 1215 2007 residuum
1260 1942 1476 2005 seculi
1513 1941 1801 2006 credidit
1842 1944 2192 2008 continere
2225 1963 2364 2008 non

489 2062 733 2126 posse3
765 2041 956 2107 chori
982 2040 1207 2106 choris
1236 2060 1361 2124 per
1386 2041 1543 2105 loca
1564 2041 2002 2119 adstiterunt,
2030 2062 2113 2106 ac
2144 2043 2365 2107 dulcis

493 2142 867 2206 harmoniae
895 2148 1230 2206 concentu
1262 2139 1659 2205 Creatorem
1699 2141 2001 2205 omnium
2037 2142 2364 2207 laudave-

498 2248 704 2321 runt3
766 2241 885 2305 alii
939 2241 1137 2324 quasi
1188 2260 1384 2322 reges
1444 2259 1699 2304 corona
1755 2240 2186 2319 incedebant,
2248 2244 2368 2306 alii

497 2342 754 2405 amictu
806 2359 1016 2404 aureo
1064 2339 1284 2404 induti
1329 2339 1761 2418 videbantur,
1801 2341 2113 2404 nonnulli
2160 2341 2371 2405 variis

497 2440 910 2504 indumentis
944 2447 1143 2504 erant
1175 2439 1503 2517 decorati,
1529 2439 1742 2523 juxta
1779 2439 1964 2522 quod
2003 2442 2370 2523 unusquis·

493 2560 631 2623 que
671 2540 743 2603 in
776 2540 1009 2604 seculo
1039 2540 1400 2618 utebatur3
1447 2538 1700 2621 singuli
1730 2538 1816 2603 de
1849 2540 2130 2623 propria
2158 2539 2373 2605 felici-

495 2646 640 2704 tate
673 2640 1090 2721 gaudebant,
1124 2639 1379 2721 singuli
1410 2637 1495 2703 de
1522 2638 1819 2702 aliorum
1862 2639 2265 2704 liberatione
2301 2648 2372 2705 et

495 2739 748 2821 gaudio
812 2739 1259 2818 exultabant3
1321 2757 1582 2816 omnes,
1637 2739 1758 2820 qui
1807 2738 2093 2803 militem
2144 2740 2371 2805 intue-

493 2839 770 2916 bantur,
813 2838 899 2903 de
948 2839 1098 2923 ejus
1152 2838 1452 2902 adventu
1495 2838 1988 2902 benedicebant
2030 2840 2254 2904 Deum
2297 2848 2371 2904 et
2443 2914 2454 2929 l

500 2937 585 3003 de
629 2938 779 3023 ejus
813 2938 1158 3023 ereptione
1203 2957 1245 3002 a
1287 2937 1574 3002 mortuis
1615 2938 2186 3021 congaudebant3
2232 2960 2370 3005 non

500 3046 768 3116 oestum,
801 3059 939 3103 non
965 3038 1181 3120 frigus
1212 3038 1305 3101 ibi
1333 3037 1583 3120 aliquis
1613 3038 1974 3115 sentiebat,
2017 3059 2141 3103 nec
2179 3042 2369 3122 quic-

501 3158 706 3221 quam
737 3139 921 3221 quod
949 3138 1286 3203 offendere
1315 3144 1549 3220 posset
1582 3138 1693 3201 vel
1724 3158 1971 3202 nocere
2001 3139 2300 3204 videbat.

510 3310 687 3391 Quod
716 3311 888 3376 miles
917 3313 987 3377 in
1010 3309 1390 3398 paradisum
1408 3309 1753 3394 productus
1779 3318 2117 3375 mestrem
2135 3309 2378 3396 yaudia

1155 3409 1384 3474 viderit
1412 3408 1741 3474 beatorum.

604 3534 805 3600 Tunc
847 3534 1069 3597 sancti
1112 3533 1496 3616 pontifices,
1528 3533 1647 3616 qui
1674 3533 1876 3597 militi
1909 3534 2200 3617 patriam
2235 3541 2374 3597 tam

502 3635 904 3718 praeclaram
952 3633 1418 3709 ostenderant,
1464 3629 1793 3696 dixerunt
1847 3633 1932 3710 ei,
1976 3637 2000 3668 ‘
2032 3632 2372 3711 Quoniam

504 3733 969 3799 misericordia
1020 3731 1153 3797 Dei
1203 3732 1292 3795 ad
1338 3751 1465 3796 nos
1517 3733 1774 3796 illaessus
1820 3733 2214 3815 pervenisti,
2261 3753 2374 3798 ra-

506 3836 759 3898 tionem
816 3854 860 3898 a
916 3831 1117 3897 nobis
1177 3832 1413 3896 audire
1475 3831 1680 3896 debes
1741 3831 1826 3895 de
1879 3832 2168 3914 singulis
2217 3851 2375 3915 quae

504 3934 761 3999 vidisti.
824 3932 1066 3997 Patria
1096 3931 1244 3997 haec
1274 3931 1618 3996 terrestris
1647 3938 1755 3996 est
1780 3932 2166 4014 paradisuS,
2197 3932 2377 3996 unde

504 4053 631 4116 pro
662 4033 963 4117 peccatis
1006 4033 1148 4096 suis
1190 4032 1453 4116 ejectus
1496 4039 1605 4097 est
1646 4031 1849 4096 homo
1892 4032 2176 4115 primm,
2219 4031 2378 4096 binc

505 4153 669 4197 vero
729 4132 1058 4216 expulsus
1105 4132 1178 4195 in
1220 4132 1559 4196 miseriam
1611 4131 1804 4195 illam
1851 4131 2200 4215 projectus
2248 4137 2381 4209 est,

505 4234 575 4296 in
621 4252 761 4315 qua
796 4232 1102 4297 homines
1139 4232 1568 4311 moriuntur3
1620 4250 1711 4294 ex
1761 4230 1959 4314 cujus
2001 4250 2207 4295 carne
2254 4249 2381 4294 nos

507 4352 744 4397 omnes
786 4331 1175 4416 propagati,
1216 4338 1288 4395 et
1329 4332 1401 4394 in
1446 4337 1732 4414 peccato
1784 4330 2101 4412 originali
2143 4349 2382 4395 omnes

511 4434 682 4510 nati,
710 4452 834 4516 per
867 4431 1069 4495 fidem
1100 4430 1377 4495 Domini
1408 4431 1627 4495 nostri
1646 4429 1695 4494 J
1699 4449 1823 4494 esu
1859 4428 2140 4505 Christi,
2173 4448 2381 4511 quam

508 4532 580 4595 in
627 4532 1037 4616 baptismate
1101 4532 1546 4613 suscepimus,
1598 4530 1685 4594 ad
1752 4529 1933 4594 bunc
1988 4528 2382 4612 paradisum

512 4633 765 4696 reversi
797 4651 1030 4696 sumus
1061 4651 1080 4712 3
1129 4639 1222 4708 et,
1251 4630 1573 4713 quoniam
1618 4636 1779 4711 post
1805 4628 1962 4693 fidei
2006 4627 2382 4710 susceptio-

2554 1111 2676 1150 esth·
