3457 5887
910 860 1190 912 smnus
1234 861 1771 912 msronnuwu.
2143 847 2276 913 3⁵79

387 1025 768 1091 fretandum
814 1023 886 1089 in
930 1023 1284 1107 Angliam,
1327 1031 1409 1088 ut
1448 1042 1603 1089 eam
1646 1022 2081 1108 subjugaret,
2127 1026 2269 1092 dis-
2293 1038 2541 1082 mmm-

388 1126 633 1209 sipatis
666 1125 944 1209 penitus
984 1130 1056 1189 et
1095 1124 1238 1189 fere
1271 1125 1670 1203 submersis,
1708 1131 1993 1190 coaetus
2032 1133 2141 1192 est
2179 1125 2271 1192 ad

390 1223 692 1290 Galliam
722 1225 963 1290 redire.

660 1398 764 1463 Do
792 1397 1069 1484 captione
1111 1395 1435 1475 Wilhzmi,
1464 1396 1625 1484 nqis
1656 1397 2002 1464 Scotorum.

492 1521 603 1586 De
631 1521 953 1604 captione
986 1521 1169 1605 regis
1211 1520 1596 1600 Scotorum,
1629 1528 1709 1587 ut
1747 1522 2049 1588 breviter
2085 1522 2271 1588 dica-
2292 1535 2535 1636 eaffiffior

389 1627 544 1701 tur;
602 1621 789 1685 Dum
842 1619 1549 1686 Northanhumbriam
1590 1621 1902 1701 intraret,
1960 1624 2140 1690 sicut
2199 1625 2271 1688 in
2293 1636 2457 1686 kinnor

390 1738 577 1785 anno
612 1721 991 1804 praeterito,
1025 1728 1105 1785 ut
1145 1739 1298 1785 eam
1334 1719 1739 1804 subjugaret
1777 1729 1848 1787 et
1883 1740 2011 1787 suo
2055 1687 2460 1806 regnom

390 1819 734 1885 hostiliter
773 1820 1151 1904 copularet,
1188 1827 1628 1884 occurrerunt
1665 1821 1728 1883 ei
1771 1829 2126 1936 magnates
2168 1843 2275 1888 re-

391 1919 644 2000 gionis,
678 1926 773 1996 et,
806 1920 1169 1984 commisso
1202 1919 1571 2002 campestri
1606 1918 1924 2003 praelio‚·
1903 1940 2127 2003 ipsum
2161 1942 2271 1988 ce-

392 2025 645 2101 perunt
699 2026 773 2083 et
829 2018 1123 2083 vinculis
1191 2018 1598 2083 arctioribus
1658 2020 2270 2103 constrinxerunt3

393 2117 481 2180 de
513 2116 813 2182 formicis
842 2125 1073 2182 autem
1102 2116 1394 2182 Scoticis
1423 2123 1531 2183 tot
1560 2117 1942 2183 interfectae
1967 2119 2272 2185 referun-

395 2223 535 2294 tur,
569 2216 750 2300 quod
786 2236 1140 2281 numerum
1175 2235 1445 2281 omnem
1483 2217 1814 2282 excedere
1849 2218 2271 2286 dicebantur.

396 2315 595 2398 Rege
644 2336 808 2381 vero
856 2316 1043 2399 apud
1087 2315 1503 2381 Richemunt
1546 2317 1906 2381 castellum
1950 2320 2275 2384 carcerali

394 2416 727 2480 custodiae
757 2415 1110 2498 deputato,
1149 2416 1434 2499 impleta
1459 2415 1736 2482 videtur
1767 2410 2084 2483 ¹Merlini
2114 2438 2273 2501 pro-

389 2514 630 2598 phetia
668 2514 981 2594 dicentis,
1022 2520 1045 2551 ‘
1070 2515 1372 2580 Dabitur
1409 2515 1713 2581 maxillis
1762 2516 1913 2601 eJus
1956 2516 2271 2596 fiaenum,

393 2613 575 2696 quod
614 2614 688 2678 in
722 2612 1082 2679 Armorico
1116 2614 1272 2680 sinu
1314 2614 1764 2681 fabricabitur
1781 2615 1824 2694 ς’
1869 2616 2094 2680 sinum
2132 2615 2270 2681 Ar·

389 2714 719 2778 moricum
753 2733 1008 2779 vocans
1038 2714 1396 2779 castellum
1428 2715 1515 2780 de
1547 2713 1987 2795 Richemunt,
2018 2717 2105 2780 ab
2135 2716 2272 2782 Ar-

391 2813 666 2878 moricis
717 2815 1136 2898 principibus
1179 2821 1252 2879 et
1295 2822 1462 2879 tunc
1515 2815 1603 2879 ab
1648 2815 1950 2897 antiquis
2000 2825 2266 2900 tempo-

389 2912 581 2978 ribus
618 2912 1095 2980 haereditario
1065 2934 1225 2999 Jure
1254 2933 1668 2998 possessum.
1759 2913 1861 2980 Ut
1888 2921 2118 2980 autem
2145 2936 2264 2982 ve·
2287 2925 2530 3027 gamund

387 3014 643 3079 raciter
687 3015 1226 3098 perstringamus
1277 3014 1630 3094 beneficia,
1676 3033 1834 3098 quae
1876 3016 2024 3098 regi
2069 3014 2263 3080 Hen-
2288 2988 2493 3078 nnat-nd·

388 3114 533 3179 rico
578 3113 771 3178 Deus
830 3120 990 3198 post
1041 3114 1603 3192 satisfactionem,
1646 3133 1855 3197 quam
1896 3116 2027 3178 sibi
2069 3116 2266 3181 exhi-

389 3213 544 3278 buit
576 3221 648 3278 et
675 3215 878 3279 beato
907 3215 1216 3297 martyri,
1251 3214 1384 3298 [et]
1415 3233 1539 3297 per
1569 3213 1875 3299 ejusdem
1907 3216 2129 3280 sancti
2162 3217 2266 3280 in-

387 3311 868 3378 tercessionem
899 3313 973 3377 in
1006 3313 1296 3378 articulo
1322 3314 1649 3397 temporis
1682 3315 2029 3397 praestitit‚
2062 3316 2264 3381 intel-

390 3412 689 3494 ligamus
717 3432 801 3477 ea
830 3431 985 3495 quae
1019 3420 1421 3496 sequuntur.
1497 3407 1522 3445 ²
1537 3413 1695 3478 Rex
1738 3421 1971 3479 autem
2011 3413 2265 3480 Henri-

392 3531 542 3587 cus,
567 3511 746 3576 votis
776 3513 1161 3577 orationum
1192 3513 1572 3596 completis,
1599 3531 1642 3577 a
1672 3513 2263 3580 Londoniensibus

391 3618 757 3694 susceptus
819 3618 927 3675 est
988 3619 1425 3692 reverenter3
1498 3613 1656 3678 inde
1709 3613 1799 3677 ad
1855 3612 2267 3679 Huntendo-

389 3728 554 3773 nam
593 3710 1035 3793 progrediens
1074 3710 1429 3777 castellum
1463 3711 1733 3776 obsedit
1761 3719 1832 3777 et
1870 3713 2268 3796 subjugavit

390 3809 657 3874 decimo
694 3818 941 3892 quarto
979 3809 1309 3875 kalendas
1338 3809 1667 3893 Augusti,
1710 3812 1828 3875 ubi
1865 3812 2116 3876 milites
2149 3833 2264 3878 co-

391 3909 579 3973 mitis
625 3908 1078 3992 Legecestriae
1117 3910 1205 3974 ad
1246 3929 1475 3994 regem
1510 3910 1910 3976 accedentes
1953 3911 2263 3978 reddide-

390 4017 556 4073 runt
606 4009 892 4073 castella
949 4010 1035 4074 de
1095 4009 1312 4075 Grobi
1362 4017 1434 4074 et
1493 4010 1931 4090 Muntsorell,
1981 4018 2061 4075 ut
2107 4032 2264 4077 cum

390 4107 667 4172 domino
699 4128 824 4173 suo
857 4108 1087 4174 mitius
1121 4129 1196 4174 se
1233 4110 1536 4174 haberet.
1602 4111 1979 4176 Undecimo
2022 4109 2263 4176 kalen-

390 4208 517 4271 das
562 4206 885 4290 Augusti,
935 4228 1247 4291 proceres
1295 4209 1668 4288 Norenses,
1716 4211 1957 4275 dueem
2007 4211 2262 4275 haben-

391 4315 500 4371 tes
533 4307 820 4372 electum
864 4308 1429 4388 Lincolniensem,
1459 4310 1643 4391 regis
1675 4309 1995 4374 videlicet
2026 4309 2264 4386 filium,

397 4405 791 4483 Malessart,
840 4408 1198 4472 castellum
1244 4407 1503 4489 Rogeri
1555 4408 1641 4472 de
1688 4408 2058 4485 Molbraio,
2102 4407 2264 4471 viri-

467 4580 720 4703 giulini.
706 4585 758 4649 .]
790 4584 884 4633 See
922 4586 1098 4648 above,
1134 4584 1233 4633 v.ol
1268 4584 1305 4633 i.
1412 4579 1566 4701 ι’ὶὲξεξ
1582 4588 1741 4634 autem
1757 4582 2044 4647 Hemina]
2067 4583 2268 4647 Diceto,

394 4669 447 4716 p.
1353 4667 1413 4700 co
1570 4687 1584 4702 .
