3457 5887
1159 854 1294 923 358
1661 866 1927 917 nouam
1975 865 2068 914 ns
2112 859 2526 913 wannovsn

849 1053 960 1097 Α».
981 1049 1094 1093 mo.
1167 1047 1291 1094 nes
1341 1026 1734 1113 juramento
1786 1021 2119 1098 firmatas,
2168 1038 2307 1084 nou
2365 1015 2715 1102 adjecistis
2773 1035 3046 1080 sumere

1168 1136 1442 1195 scutum
1474 1123 1657 1205 fidei,
1692 1129 1775 1188 ut
1803 1120 2081 1186 staretis
2114 1139 2243 1203 pro
2274 1117 2477 1183 domo
2516 1116 2796 1181 Domini
2819 1117 2893 1180 in
2927 1115 3046 1180 die

1170 1227 1415 1315 praelii.
1494 1223 1633 1303 Ne,
1666 1223 1727 1289 si
1765 1221 2024 1287 diutius
2056 1218 2494 1297 tacuerimus,
2523 1235 2668 1281 una
2697 1216 3051 1281 vobiscum

1173 1330 1246 1394 in
1283 1327 1395 1392 die
1422 1324 1670 1412 judicii
1708 1319 2168 1387 damnationis
2211 1317 2560 1383 sententia
2597 1314 3058 1393 involvamur,

1175 1425 1589 1494 auctoritate
1641 1427 2100 1488 sacrosanctae
2155 1418 2494 1484 Romanae
2556 1414 2894 1491 ecclesias,
2945 1415 3059 1478 cui

1178 1534 1461 1593 auctore
1516 1524 1669 1589 Deo
1724 1521 2217 1597 ministramus,
2268 1518 2358 1582 ab
2410 1516 2597 1581 omni
2649 1533 2780 1580 vos
2840 1512 3060 1579 officio

1178 1623 1588 1712 episcopalis
1640 1619 2120 1706 suspendimus
2171 1614 2570 1701 diguitatis?
2660 1614 2844 1680 Item
2894 1633 3060 1678 sane

1177 1726 1508 1803 Thomas,
1542 1719 2063 1789 cantuariensis
2109 1716 2689 1800 archiepiscopus,
2729 1733 2852 1798 per
2887 1713 3061 1777 alias

862 1840 1088 1943 mh?
1181 1825 1436 1892 domini
1499 1842 1702 1907 papae
1773 1821 2011 1886 literas
2070 1817 2428 1901 episcopos
2492 1814 3058 1890 Londonieusem,

1048 1918 1062 1939 '
1185 1924 1780 2001 Sarisberiensem,
1844 1918 2333 1996 Exoniensem,
2377 1914 2836 1992 Gestreusem,
2885 1912 3058 1977 Rof-

1185 2026 1471 2100 fensem,
1512 2022 1598 2088 de
1632 2028 1875 2087 sancto
1911 2017 2179 2102 Asaph,
2214 2024 2288 2082 et
2334 2015 2883 2090 Landavensem,
2910 2031 3060 2077 cum

1188 2125 1371 2202 aliis,
1413 2123 1535 2206 qui
1575 2120 1887 2207 praefatae
1928 2117 2358 2185 coronationi
2393 2114 2850 2180 ministerium
2900 2131 3068 2196 prae-

1188 2226 1511 2300 buerunt,
1569 2222 1660 2286 ab
1713 2219 1899 2285 omni
1946 2215 2321 2302 episcopali
2377 2214 2719 2297 dig-nitate
2765 2232 2894 2297 per
2946 2211 3068 2275 has

1190 2323 1431 2389 literas
1472 2320 1897 2404 subscriptas
1927 2316 2284 2401 suspendit
2309 2335 2331 2396 ς
2368 2319 2391 2351 ‘
2417 2313 2597 2394 Quae
2627 2331 2842 2377 causa
2874 2330 3074 2376 vene-

1193 2422 1480 2488 rabilem
1527 2421 1810 2486 tratrem
1852 2430 2164 2484 nostrum
2210 2415 2570 2491 Theman,
2618 2411 3076 2477 Cantuarien-

1195 2543 1341 2588 sem
1373 2520 1960 2603 archiepiscopum
1990 2524 2061 2581 et
2098 2515 2279 2580 sedis
2317 2512 2705 2598 apostolicae
2729 2511 3071 2593 legatum,

1052 2655 1060 2665 ·
1197 2640 1241 2687 a
1269 2640 1401 2686 sua
1429 2619 1591 2685 sede
1618 2618 1938 2684 exsulare
1970 2614 2399 2699 compulerit,
2428 2633 2559 2678 non
2587 2617 2853 2695 oportet
2881 2629 3070 2693 prae-

1195 2719 1504 2786 sentibus
1548 2726 1906 2797 annotare,
1963 2715 2288 2801 quoniam
2340 2722 2413 2779 et
2455 2732 2579 2778 vos
2617 2708 3070 2795 praesentiali·

1196 2828 1304 2886 ter
1344 2818 1742 2902 aspexistis,
1774 2825 1846 2883 et
1888 2815 1960 2882 id
1995 2835 2118 2899 per
2154 2821 2374 2880 totam
2415 2811 2560 2877 fere
2592 2808 3077 2876 occidentalem

1197 2919 1559 2987 ecclesiam
1600 2917 1789 2983 fama
1825 2915 2112 2982 celebris
2145 2912 2556 2998 divulgavit.
2633 2910 2807 2977 Cum
2848 2914 3080 2974 autem

1198 3021 1332 3104 piae
1362 3019 1705 3084 memoria)
1728 3015 2236 3091 Theodbaldus‚
2272 3010 2793 3078 Cantuan‘ensis
2821 3009 3080 3074 archie-

1199 3120 1545 3205 piscopus,
1600 3116 2063 3200 praedeeessor
2111 3113 2317 3198 hujus
2368 3110 2896 3195 archiepiscopi,
2937 3107 3079 3173 An-

1200 3220 1469 3303 glomm
1496 3217 1645 3300 regi
1672 3235 1996 3280 coronam
2029 3212 2451 3297 imposuerit,
2478 3230 2564 3276 ac
2594 3230 2719 3294 per
2745 3208 2879 3273 hoc
2909 3207 3078 3273 Gau·

1204 3317 1571 3385 tnariensis
1605 3315 1894 3380 ecclesia
1923 3313 2125 3398 quasi
2166 3311 2667 3396 possessionem
2699 3308 2908 3393 hujus
2940 3306 3081 3389 dig-

1204 3418 1448 3484 nitatis
1498 3415 1838 3492 habuerit,
1882 3432 2011 3479 vos
2055 3431 2240 3477 nunc
2289 3411 2454 3475 novi
2501 3410 2687 3493 regis
2746 3405 3080 3474 coronati-

1208 3518 1350 3596 oni,
1400 3514 1914 3599 archiepiscopo
1956 3532 2095 3577 non
2135 3510 2567 3595 praemonito,
2610 3509 2684 3573 in
2729 3508 2888 3593 ejus
2929 3526 3081 3590 pro-

1207 3616 1439 3681 vincia
1492 3615 1944 3680 ministerium
2015 3612 2345 3696 praeboee,
2408 3610 2628 3675 literis
2691 3605 3083 3691 apostolicis

1208 3714 1279 3779 id
1313 3713 1855 3798 prohibentibus,
1887 3710 2465 3797 praesumpsistis3
2509 3715 2604 3787 et,
2638 3708 2760 3791 qui
2787 3706 3086 3772 relevare

1210 3813 1430 3897 ipsius
1472 3812 1756 3878 exilium
1804 3811 2392 3896 qualibuscunque
2434 3808 2701 3874 solatiis
2741 3805 3091 3882 debuistis,

1214 3914 1653 3995 aggravastis
1707 3912 1943 3996 potius
1989 3930 2267 3976 causam
2306 3909 2481 3994 ejuS,
2529 3916 2602 3974 et
2650 3927 2861 3991 super
2900 3903 3092 3969 dolo-

1214 4032 1358 4076 rem
1388 4011 1750 4077 vulnerum
1783 4012 1957 4097 ejus,
1991 4011 2174 4095 quod
2218 4016 2586 4074 moerentes
2628 4008 2945 4084 dicimus,
2973 4004 3090 4068 ad·

1213 4110 1504 4177 didistis.
1597 4111 1684 4174 In
1734 4130 1873 4194 qno
1925 4109 2138 4189 facto,
2174 4109 2236 4174 si
2279 4116 2522 4174 contra
2561 4125 2897 4192 personas
2947 4090 3104 4169 ves-⁶

1217 4219 1362 4276 tras
1409 4230 1549 4275 non
1595 4216 1931 4294 quantum
1974 4211 2181 4293 culpa
2217 4208 2439 4292 exigit
2483 4225 2904 4284 moveamur,
2941 4223 3092 4288 per-

1217 4310 1510 4375 transire
1542 4317 1771 4375 tamen
1808 4308 1940 4374 hoc
1977 4311 2109 4374 sub
2147 4307 2420 4373 silentio
2459 4326 2598 4371 non
2630 4306 2972 4381 debemus,
3002 4322 3090 4366 ne

1219 4409 1422 4488 forte,
1458 4409 1642 4494 quod
1677 4409 2021 4474 Dominus
2059 4414 2354 4486 avertat,
2391 4414 2463 4472 et
2500 4426 2629 4471 nos
2671 4413 2745 4471 et
2782 4424 2908 4470 vos
2940 4423 3091 4467 sen·

1219 4512 1442 4576 tentia
1487 4509 1740 4574 divinae
1791 4509 2180 4574 severitatis
2222 4507 2521 4586 addicat,
2568 4507 2629 4570 si
2679 4525 2786 4583 ea,
2833 4524 2988 4588 quae
3023 4504 3087 4566 in

1221 4611 1438 4676 oculis
1490 4610 1790 4676 omnium
1839 4627 2196 4694 perperam
2257 4616 2417 4672 acta
2477 4613 2662 4685 sunt,
2713 4603 3087 4689 neglexeri-
