3457 5887
895 1042 1007 1083 021).
1030 1042 1140 1081 11³4.

900 1834 992 1876 Lite
1007 1836 1056 1875 ot

899 1887 942 1926 8.
958 1885 1131 1926 vnn-ie.

1215 850 1346 915 274
1724 864 1987 913 nocam
2038 865 2131 912 ns
2176 862 2586 913 wENnovsn

1218 1024 1568 1089 obsidione
1611 1023 1923 1100 vallavit,
1967 1031 2037 1086 et
2074 1022 2405 1086 diuturna
2448 1023 2683 1085 urbem
2727 1022 3088 1087 afflictione

1219 1123 1606 1207 opprimens
1651 1124 1775 1187 tali
1810 1142 1961 1187 eam
2003 1121 2394 1187 conditione
2439 1124 2760 1199 obtinuit,
2805 1130 2886 1185 ut
2918 1123 3089 1186 Tur-

1220 1225 1307 1300 ci,
1354 1224 1471 1307 qui
1522 1222 1593 1285 in
1643 1223 1799 1305 ipsa
1857 1229 2078 1299 erant,
2128 1242 2285 1286 cum
2335 1223 2691 1298 uxoribus,
2742 1221 2976 1285 liberis
3025 1231 3091 1286 et

1219 1322 1362 1386 suis
1413 1323 1725 1386 omnibus
1780 1321 2063 1385 liberum
2112 1321 2270 1385 inde
2325 1322 2654 1386 haberent
2709 1341 3085 1400 recessum3

1219 1421 1500 1486 civitate
1522 1421 1736 1503 igitur
1765 1421 1911 1502 regi
1954 1421 2329 1503 resignata,
2356 1421 2694 1486 concessit
2722 1440 2875 1485 eam
2899 1422 3087 1484 fratri

1219 1540 1345 1585 suo
1375 1520 1421 1584 J
1425 1521 1709 1603 oppensi
1742 1520 1976 1585 comiti
2007 1520 2092 1584 de
2120 1540 2196 1584 se
2229 1521 2614 1585 tenendam.

1600 1693 1701 1757 De
1732 1693 1864 1757 vita
1890 1692 2089 1756 sancti
2132 1690 2390 1774 Wsrioi
2415 1690 2731 1755 heremitae.

1318 1817 1576 1882 Eodem
1630 1836 1811 1881 anno
1862 1823 2143 1880 sanctus
2186 1815 2587 1880 anachorita
2632 1822 2707 1879 et
2743 1814 3082 1879 solitarius

1218 1916 1548 1982 Wlfricus
1587 1916 1672 1980 de
1704 1910 2172 1998 ¹Heselberga
2197 1916 2520 1997 migravit
2562 1915 2652 1979 ad
2695 1915 3081 1992 Dominum,

1218 2023 1584 2100 postquam
1626 2015 1873 2097 viginti
1918 2022 1989 2079 et
2030 2034 2273 2078 novem
2317 2015 2516 2078 annis
2569 2021 2811 2078 eontra
2854 2014 3080 2078 hostes

1219 2117 1499 2180 humani
1547 2116 1818 2198 generis
1857 2113 2230 2195 confligens
2260 2113 2456 2178 felici.
2471 2120 2693 2177 marte
2736 2114 3083 2178 victoriam

1218 2216 1635 2299 reportavit3
1697 2214 1782 2278 de
1832 2214 2030 2297 cujus
2073 2213 2223 2278 vita
2268 2220 2338 2277 et
2385 2214 2783 2290 virtutibus,
2817 2214 2907 2278 ad
2955 2213 3087 2276 his·

1221 2315 1415 2380 toriae
1442 2313 1775 2389 decorem,
1806 2312 1917 2378 vel
1961 2331 2244 2395 parvam
2286 2312 2458 2376 utile
2500 2312 2825 2377 duximus
2871 2313 3086 2378 facere

1217 2412 1650 2479 mentionem.
1726 2413 1986 2478 Beatus
2043 2412 2151 2476 vir
2203 2411 2557 2488 Wlfricus,
2617 2432 2708 2476 ex
2767 2413 3088 2476 mediocri

1216 2511 1600 2595 Anglorum
1656 2519 1859 2594 gente
1914 2511 2264 2588 oriundus,
2320 2511 2393 2574 in
2447 2511 2779 2588 Contona,
2827 2512 2999 2575 villa
3041 2530 3084 2575 a

1219 2611 1549 2677 Bristollo
1592 2619 1750 2675 octo
1792 2611 2194 2675 milliaribus
2235 2611 2556 2688 distante,
2594 2619 2815 2688 natuS,
2856 2611 3081 2675 nutri-

1219 2719 1331 2775 tus
1363 2717 1471 2775 est
1513 2717 1584 2775 et
1626 2717 2110 2790 conversatus3
2161 2711 2256 2774 ibi
2289 2711 2500 2774 etiam
2534 2730 2650 2793 per
2690 2729 2909 2774 annos
2949 2710 3081 2774 ali-

1217 2816 1390 2893 quot
1434 2810 1810 2875 sacerdotis
1855 2807 2149 2874 officium
2180 2811 2513 2886 exercuit,
2545 2811 2722 2893 quod
2756 2812 2831 2874 in
2873 2817 3082 2874 aetate

1208 2908 1503 2993 juvenili
1547 2910 1831 2974 levitate
1864 2910 2091 2992 potius
2116 2909 2363 2974 mentis
2394 2927 2604 2994 quam
2646 2910 2936 2975 rationis
2967 2910 3086 2973 de·

1218 3010 1467 3074 siderio
1522 3009 1821 3075 creditur
1876 3009 2237 3091 accepisse,
2284 3010 2538 3092 quippe
2579 3011 2881 3074 nondum
2927 3027 3087 3090 cog-

1216 3110 1543 3174 noscebat
1610 3109 2008 3186 Dominum,
2067 3108 2245 3172 unde
2299 3127 2505 3173 carne
2574 3110 2801 3191 magis
2883 3127 3082 3190 quam

1216 3209 1461 3291 spiritu
1516 3207 1932 3287 ducebatur3
1998 3226 2160 3271 nam
2200 3226 2444 3273 canum
2485 3208 2692 3271 simul
2738 3215 2809 3272 et
2856 3209 3080 3271 avium

1216 3309 1400 3373 curis
1442 3308 1778 3373 sollicitus
1821 3307 2243 3384 incumbens,
2300 3307 2461 3371 dum
2512 3308 2623 3372 die
2670 3308 2971 3389 quodam
3018 3307 3081 3370 in

1217 3407 1421 3491 hujus
1484 3407 1754 3490 generis
1818 3407 2146 3471 exercitio
2205 3426 2343 3471 non
2402 3407 2709 3489 segniter
2769 3406 3078 3482 instaret,

1216 3506 1437 3572 adfuit
1470 3507 1576 3571 vir
1602 3507 1832 3571 subito
1857 3506 2125 3571 vultum
2156 3508 2476 3589 pauperis
2514 3526 2759 3590 gerens
2786 3513 2860 3571 et
2895 3506 3082 3570 habi·

1216 3611 1386 3683 tum,
1421 3607 1541 3690 qui
1574 3625 1924 3670 nummum
1953 3625 2208 3670 novum
2239 3607 2327 3670 ab
2370 3625 2454 3670 eo
2494 3606 2791 3689 supplex
2836 3606 2910 3668 in
2952 3605 3082 3668 ele-

1215 3723 1610 3790 emosynam
1640 3704 2060 3787 postulavit3
2106 3704 2401 3769 habebat
2428 3713 2659 3770 autem
2703 3713 2872 3770 tnnc
2915 3703 3083 3768 tem·-

1215 3803 1401 3885 poris
1427 3803 1687 3885 Anglia
1717 3823 1969 3868 novam
2013 3812 2359 3869 monetam
2399 3806 2473 3870 in
2523 3806 2758 3870 diebus
2793 3804 3082 3867 Henrici

1214 3903 1396 3984 regis
1445 3901 1670 3985 primi,
1713 3903 1833 3967 sed
1878 3903 2101 3967 adhuc
2146 3923 2396 3982 raram,
2461 3923 2604 3988 prae
2649 3903 3083 3968 numismatis

1214 4003 1544 4066 novitate.
1623 4001 1755 4066 Cui
1781 4021 1936 4066 cum
1968 4002 2297 4068 Wlfricus
2328 4022 2403 4067 se
2433 4005 2693 4068 nescire
2721 4004 3004 4081 diceret,
3024 4003 3086 4066 si

1212 4120 1464 4166 novum
1494 4120 1843 4165 nummum
1872 4100 2176 4180 haberet,
2198 4103 2572 4186 ‘Respice,’
2599 4103 2722 4180 ait,
2745 4103 3087 4166 ‘loculum

1213 4207 1431 4278 tuum,
1470 4208 1541 4265 et
1570 4201 1877 4265 invenies
1915 4202 1987 4265 in
2025 4221 2107 4266 eo
2148 4203 2320 4267 duos
2359 4222 2669 4268 nummos
2706 4211 2780 4267 et
2817 4202 3023 4266 semis
3043 4201 3087 4281 ;'

1213 4319 1349 4382 quo
1401 4299 1520 4365 ille
1562 4320 1891 4384 responso
1934 4302 2419 4385 obstupescens
2470 4303 2794 4385 inspexit,
2846 4309 2937 4379 et,
2984 4303 3085 4365 ita

1215 4405 1292 4464 ut
1340 4399 1597 4465 dictum
1644 4401 1776 4464 sibi
1821 4401 2049 4465 fuerat
2096 4403 2462 4485 reperiens,
2508 4402 2687 4485 quod
2725 4402 3085 4485 petebatur

1281 4581 1649 4648 ¹Heoelbergu,]
1691 4585 1908 4646 perhaps
1935 4585 2116 4634 Hasel-
2171 4586 2280 4635 that
2301 4588 2342 4635 it
2361 4602 2470 4637 was
2491 4587 2509 4616 ‘
2527 4588 2579 4636 in
2611 4587 2871 4648 provincia
2904 4586 3087 4634 Dorse-

1210 4654 1356 4716 bury,
1374 4656 1425 4703 in
1440 4655 1720 4716 Wiltshire3
1756 4655 1980 4705 Gervase
2002 4669 2120 4717 says
2172 4656 2337 4706 tensi!
