3457 5887
947 832 1221 882 nonus
1266 833 1798 884 ms'ronuauu.
2175 818 2304 884 195

429 1007 606 1066 rum,
643 989 844 1074 cujus
887 1009 1136 1074 corpus
1173 990 1356 1075 apud
1390 991 2077 1056 westmonasterium
2111 992 2300 1073 quie-
2324 1008 2433 1049 an.
2454 1010 2567 1050 111⁸.

428 1094 567 1152 tem
610 1088 985 1172 sepulturae
1026 1092 1316 1175 accepit,
1357 1098 1428 1155 et
1471 1091 1697 1155 anima
1740 1089 1892 1174 ejus
1935 1109 2011 1153 se
2055 1090 2300 1154 caelum

426 1187 777 1270 possidere
827 1190 1252 1255 evidentibus
1285 1190 1500 1273 siguis
1544 1196 1614 1254 et
1655 1189 2002 1253 miraculis
2044 1190 2299 1254 crebris

428 1286 753 1352 ostendit.
877 1287 1055 1354 Haec
1098 1296 1328 1355 autem
1378 1289 1618 1370 reg-ina
1663 1287 2057 1352 beatissima
2115 1288 2299 1371 apud

429 1387 667 1462 urbem
719 1387 1224 1453 Londoniarum
1269 1388 1543 1453 domum
1587 1387 1952 1451 aedificavit
1993 1387 2297 1470 leproso-

429 1505 606 1563 rum,
647 1505 802 1558 cum
844 1489 1145 1553 oratorio
1188 1495 1259 1552 et
1303 1487 1590 1552 aedificio
1634 1486 2069 1568 competenti,
2114 1486 2295 1568 quod

429 1604 651 1668 usque
680 1585 881 1652 hodie
908 1586 1278 1671 Hospitale
1301 1585 1614 1651 Matildis
1643 1592 2099 1668 nuncupatur.

758 1759 858 1824 Do
884 1760 1118 1846 ori9ino
1143 1759 1380 1825 ordinis
1407 1758 1648 1824 militia
1682 1757 1938 1842 Templi.

536 1876 771 1948 Circa¹
796 1883 944 1948 dies
972 1884 1144 1949 istos
1176 1884 1308 1948 viri
1335 1883 1611 1967 qnidam
1641 1881 1905 1947 nobiles
1936 1881 2021 1946 de
2048 1901 2295 1964 eques-
2316 1899 2448 1940 orda
2462 1902 2511 1941 οι

430 1982 525 2046 tri
568 1981 827 2059 ordine,
865 1983 1170 2066 religiosi
1209 2002 1292 2048 ac
1323 1984 1544 2047 Deum
1574 1983 1914 2059 timentes,
1945 1981 2019 2045 in
2054 2000 2293 2045 manus
2315 1950 2530 2091 *iffi

432 2081 850 2164 patriarchae
901 2081 1534 2166 Hierosolymitani,
1587 2080 1845 2146 Christi
1895 2099 1970 2145 se
2015 2081 2292 2146 servitio

434 2181 935 2263 mancipantes,
980 2202 1168 2247 more
1216 2182 1697 2247 canonicorum
1742 2179 2178 2262 regularium,
2221 2180 2293 2243 in

435 2279 759 2345 castitate
805 2287 876 2346 et
922 2282 1307 2348 obedientia
1351 2281 1778 2365 propriaeque
1811 2280 2151 2345 voluntati
2192 2300 2294 2344 re-

439 2380 858 2459 nuntiantes,
896 2388 1227 2464 perpetuo
1266 2380 1498 2446 vivere
1535 2388 1697 2445 sunt
1728 2378 2020 2463 professi
2050 2399 2068 2459 3
2129 2398 2293 2462 quo-

434 2497 587 2542 rum
645 2479 846 2561 primi
901 2480 1181 2544 fuerunt
1241 2480 1372 2544 viri
1418 2479 1865 2557 venerabiles,
1932 2477 2145 2560 Hugo
2210 2478 2294 2543 de

435 2576 740 2660 Paganis
809 2586 879 2645 et
938 2579 1353 2645 Godefridus
1411 2580 1497 2644 de
1556 2579 1811 2644 Sancto
1875 2576 2291 2642 Audemaro.

433 2674 572 2755 Qui
620 2696 774 2742 cnm
837 2685 1023 2743 certe
1083 2699 1222 2744 non
1286 2678 1619 2744 haberent
1672 2676 2108 2754 domicilium,
2166 2697 2292 2741 rex

435 2776 870 2842 Baldewinus
914 2778 989 2842 in
1017 2778 1277 2861 palatio
1319 2798 1471 2857 suo,
1505 2778 1687 2862 quod
1735 2797 1933 2842 secus
1967 2777 2292 2860 templum

435 2875 713 2940 Domini
744 2876 832 2940 ad
875 2878 1240 2942 australem
1281 2877 1578 2943 habebat
1618 2878 1920 2962 plagam,
1963 2877 2061 2940 eis
2103 2875 2296 2941 habi-

436 2976 739 3040 taculum
781 2977 1157 3059 concessit3
1203 2979 1512 3043 canonici
1547 2997 1709 3043 vero
1750 2977 1988 3061 templi
2020 2977 2296 3041 Domini

435 3075 783 3157 plataeam,
816 3096 1023 3160 quam
1061 3078 1244 3141 circa
1284 3078 1684 3160 praedictum
1718 3076 2066 3141 habebant
2106 3076 2296 3157 pala·

438 3176 636 3252 tium,
664 3175 752 3239 ad
777 3174 1080 3241 officinas
1108 3177 1599 3242 construendas
1620 3182 2132 3254 concesserunt3
2171 3193 2296 3258 pa-

436 3274 740 3339 triarcha
785 3295 1059 3359 quoque
1099 3283 1168 3340 et
1211 3295 1357 3350 rex,
1404 3296 1555 3341 cum
1604 3276 1748 3340 suis
1789 3272 2183 3358 proceribus
2225 3282 2296 3339 et

432 3373 592 3437 aliis
632 3374 1073 3439 ecclesiarum
1116 3376 1447 3458 praelatis,
1486 3376 1571 3440 de
1613 3375 1906 3459 propriis
1942 3373 2294 3438 dominicis

430 3473 577 3537 suis
608 3493 736 3556 pro
772 3474 961 3539 victu
1002 3482 1072 3538 et
1099 3475 1354 3539 vestitu
1389 3482 1583 3540 certa
1617 3476 1715 3539 eis
1764 3473 2092 3539 beneficia
2132 3492 2294 3537 con-

430 3571 758 3637 tulerunt.
861 3573 1096 3638 Prima
1127 3593 1363 3638 eorum
1396 3573 1730 3657 professio
1765 3581 1935 3652 erat,
1965 3580 2060 3649 ut,
2087 3574 2162 3636 in
2187 3592 2293 3636 re-

430 3670 818 3737 missionem
846 3680 1282 3756 peccatorum
1315 3692 1618 3752 suorum,
1652 3674 1801 3737 vias
1831 3681 1900 3737 et
1927 3672 2176 3737 itinera
2204 3670 2290 3735 ad

429 3771 725 3835 salutem
775 3774 1289 3854 peregrinorum
1335 3779 1579 3837 contra
1627 3773 1972 3836 latronum
2015 3771 2295 3835 insidias

429 3889 556 3952 pro
602 3870 864 3936 viribus
906 3880 1432 3953 conservarent,
1412 3892 1430 3909 ·
1493 3872 1790 3950 tandem,
1840 3878 1999 3955 post
2054 3889 2295 3935 novem

430 3987 674 4048 annos,
713 3971 788 4034 in
834 3971 1121 4035 concilio
1165 3970 1405 4035 Trecis
1451 3971 1793 4036 celebrato
1832 3970 2150 4034 instituta
2192 3974 2298 4033 est

430 4069 531 4132 eis
576 4069 842 4151 regula,
881 4077 951 4134 et
989 4069 1263 4135 habitus
1297 4070 1494 4134 albus
1537 4089 1581 4134 a
1627 4090 1812 4154 papa
1846 4068 2160 4134 Honorio
2190 4087 2297 4132 as·

425 4168 768 4251 signatus,
801 4177 872 4234 et
900 4169 1203 4234 decursis
1231 4169 1372 4234 fere
1404 4190 1645 4235 novem
1682 4170 1905 4247 annis,
1951 4169 2071 4252 qui
2109 4168 2297 4252 prius

429 4287 675 4333 novem
711 4268 987 4333 fuerunt
1013 4269 1510 4348 tantummodo,
1542 4271 1755 4353 coepit
1792 4288 2024 4333 eorum
2063 4287 2299 4331 nume-

429 4387 549 4431 rus
595 4369 858 4450 augeri,
896 4376 967 4433 et
1006 4369 1474 4451 possessiones
1512 4369 1584 4432 in
1616 4369 2043 4433 immensum.
2095 4366 2301 4431 Post-

501 4542 519 4575 ¹
542 4546 690 4596 Circa
702 4545 806 4594 dies
820 4544 980 4609 idom]
1011 4545 1117 4594 The
1132 4550 1346 4595 account
1393 4560 1446 4607 p.
1464 4548 1592 4605 81⁹3
1625 4559 1856 4606 compare
1875 4544 1999 4593 with
2015 4544 2056 4592 it
2072 4543 2304 4604 Miraeus,

427 4615 687 4676 following
699 4616 746 4665 is
756 4615 881 4665 stom
894 4615 1118 4666 william
1130 4615 1346 4678 of'l'yre,
1397 4614 1524 4665 Ord.
1543 4615 1777 4676 Equum.
1799 4614 1889 4663 lib.
1905 4613 1944 4663 1.
1964 4613 2197 4731 §zv-zetc.
