<?xml version="1.0" encoding="UTF-8"?>
<!DOCTYPE html PUBLIC "-//W3C//DTD XHTML 1.0 Transitional//EN"
    "http://www.w3.org/TR/xhtml1/DTD/xhtml1-transitional.dtd">
<html xmlns="http://www.w3.org/1999/xhtml" xml:lang="en" lang="en">
 <head>
  <title>
</title>
<meta http-equiv="Content-Type" content="text/html;charset=utf-8" />
  <meta name='ocr-system' content='tesseract 3.04.00' />
  <meta name='ocr-capabilities' content='ocr_page ocr_carea ocr_par ocr_line ocrx_word'/>
</head>
<body>
  <div class='ocr_page' id='page_1' title='image "./rogeridewendove00wendgoog_0287.png"; bbox 0 0 3457 5887; ppageno 0'>
   <div class='ocr_carea' id='block_1_1' title="bbox 936 845 2308 912">
    <p class='ocr_par' dir='ltr' id='par_1_1' title="bbox 936 845 2308 912">
     <span class='ocr_line' id='line_1_1' title="bbox 936 845 2308 912; baseline 0.004 -5"><span class='ocrx_word' id='word_1_1' title='bbox 936 860 1212 909; x_wconf 68' lang='lat' dir='ltr'><strong>rmus</strong></span> <span class='ocrx_word' id='word_1_2' title='bbox 1257 859 1792 909; x_wconf 72' lang='lat' dir='ltr'><strong>msronunuu.</strong></span> <span class='ocrx_word' id='word_1_3' title='bbox 2176 845 2308 912; x_wconf 83' lang='grc'><strong>283</strong></span> 
     </span>
    </p>
   </div>
   <div class='ocr_carea' id='block_1_2' title="bbox 424 1018 2573 2675">
    <p class='ocr_par' dir='ltr' id='par_1_2' title="bbox 424 1018 2573 2675">
     <span class='ocr_line' id='line_1_2' title="bbox 424 1018 2573 1101; baseline -0.004 -17"><span class='ocrx_word' id='word_1_4' title='bbox 424 1029 659 1098; x_wconf 90' lang='lat' dir='ltr'><strong>nente,</strong></span> <span class='ocrx_word' id='word_1_5' title='bbox 690 1027 762 1085; x_wconf 92' lang='lat' dir='ltr'><strong>et</strong></span> <span class='ocrx_word' id='word_1_6' title='bbox 805 1019 1002 1083; x_wconf 83' lang='lat' dir='ltr'><strong>salva</strong></span> <span class='ocrx_word' id='word_1_7' title='bbox 1041 1020 1247 1085; x_wconf 84' lang='lat' dir='ltr'><strong>beato</strong></span> <span class='ocrx_word' id='word_1_8' title='bbox 1293 1018 1503 1083; x_wconf 91' lang='lat' dir='ltr'><strong>Petro</strong></span> <span class='ocrx_word' id='word_1_9' title='bbox 1541 1019 1627 1083; x_wconf 92' lang='lat' dir='ltr'><strong>de</strong></span> <span class='ocrx_word' id='word_1_10' title='bbox 1664 1019 1958 1101; x_wconf 83' lang='lat' dir='ltr'><strong>singulis</strong></span> <span class='ocrx_word' id='word_1_11' title='bbox 1996 1020 2307 1086; x_wconf 83' lang='lat' dir='ltr'><strong>domibus</strong></span> <span class='ocrx_word' id='word_1_12' title='bbox 2331 1038 2444 1080; x_wconf 59' lang='lat' dir='ltr'><strong>Aa).</strong></span> <span class='ocrx_word' id='word_1_13' title='bbox 2461 1038 2573 1077; x_wconf 73' lang='lat' dir='ltr'><strong>ms.</strong></span> 
     </span>
     <span class='ocr_line' id='line_1_3' title="bbox 431 1119 2307 1202; baseline -0.001 -17"><span class='ocrx_word' id='word_1_14' title='bbox 431 1141 663 1185; x_wconf 86' lang='lat' dir='ltr'><strong>annua</strong></span> <span class='ocrx_word' id='word_1_15' title='bbox 696 1120 904 1183; x_wconf 90' lang='lat' dir='ltr'><strong>unius</strong></span> <span class='ocrx_word' id='word_1_16' title='bbox 935 1119 1200 1183; x_wconf 86' lang='lat' dir='ltr'><strong>denarii</strong></span> <span class='ocrx_word' id='word_1_17' title='bbox 1232 1120 1576 1202; x_wconf 78' lang='lat' dir='ltr'><strong>pensione.</strong></span> <span class='ocrx_word' id='word_1_18' title='bbox 1644 1119 1827 1183; x_wconf 89' lang='lat' dir='ltr'><strong>Sane</strong></span> <span class='ocrx_word' id='word_1_19' title='bbox 1856 1139 2093 1184; x_wconf 90' lang='lat' dir='ltr'><strong>omnes</strong></span> <span class='ocrx_word' id='word_1_20' title='bbox 2118 1120 2307 1183; x_wconf 91' lang='lat' dir='ltr'><strong>insu-</strong></span> 
     </span>
     <span class='ocr_line' id='line_1_4' title="bbox 434 1218 2311 1303; baseline -0.001 -19"><span class='ocrx_word' id='word_1_21' title='bbox 434 1221 563 1298; x_wconf 65' lang='grc'><strong>133,</strong></span> <span class='ocrx_word' id='word_1_22' title='bbox 589 1220 837 1303; x_wconf 88' lang='lat' dir='ltr'><strong>quibus</strong></span> <span class='ocrx_word' id='word_1_23' title='bbox 870 1219 977 1283; x_wconf 89' lang='lat' dir='ltr'><strong>sol</strong></span> <span class='ocrx_word' id='word_1_24' title='bbox 998 1219 1291 1303; x_wconf 71' lang='lat' dir='ltr'><strong>justitiae</strong></span> <span class='ocrx_word' id='word_1_25' title='bbox 1312 1218 1627 1283; x_wconf 88' lang='lat' dir='ltr'><strong>Christus</strong></span> <span class='ocrx_word' id='word_1_26' title='bbox 1656 1218 1889 1283; x_wconf 83' lang='lat' dir='ltr'><strong>illuxit</strong></span> <span class='ocrx_word' id='word_1_27' title='bbox 1918 1226 1989 1284; x_wconf 93' lang='lat' dir='ltr'><strong>et</strong></span> <span class='ocrx_word' id='word_1_28' title='bbox 2015 1238 2171 1302; x_wconf 80' lang='lat' dir='ltr'><strong>quae</strong></span> <span class='ocrx_word' id='word_1_29' title='bbox 2189 1220 2311 1283; x_wconf 90' lang='lat' dir='ltr'><strong>do-</strong></span> 
     </span>
     <span class='ocr_line' id='line_1_5' title="bbox 435 1316 2307 1402; baseline -0.001 -18"><span class='ocrx_word' id='word_1_30' title='bbox 435 1328 752 1384; x_wconf 87' lang='lat' dir='ltr'><strong>cumenta</strong></span> <span class='ocrx_word' id='word_1_31' title='bbox 788 1318 944 1382; x_wconf 91' lang='lat' dir='ltr'><strong>fidei</strong></span> <span class='ocrx_word' id='word_1_32' title='bbox 980 1316 1392 1382; x_wconf 65' lang='lat' dir='ltr'><strong>Christianae</strong></span> <span class='ocrx_word' id='word_1_33' title='bbox 1434 1326 1905 1401; x_wconf 88' lang='lat' dir='ltr'><strong>susceperunt,</strong></span> <span class='ocrx_word' id='word_1_34' title='bbox 1936 1319 2026 1382; x_wconf 89' lang='lat' dir='ltr'><strong>ad</strong></span> <span class='ocrx_word' id='word_1_35' title='bbox 2046 1318 2167 1402; x_wconf 91' lang='lat' dir='ltr'><strong>jus</strong></span> <span class='ocrx_word' id='word_1_36' title='bbox 2196 1320 2307 1383; x_wconf 82' lang='lat' dir='ltr'><strong>be·</strong></span> 
     </span>
     <span class='ocr_line' id='line_1_6' title="bbox 437 1417 2307 1502; baseline -0.001 -18"><span class='ocrx_word' id='word_1_37' title='bbox 437 1421 536 1484; x_wconf 84' lang='lat' dir='ltr'><strong>ati</strong></span> <span class='ocrx_word' id='word_1_38' title='bbox 568 1419 761 1484; x_wconf 88' lang='lat' dir='ltr'><strong>Petri</strong></span> <span class='ocrx_word' id='word_1_39' title='bbox 799 1428 870 1483; x_wconf 90' lang='lat' dir='ltr'><strong>et</strong></span> <span class='ocrx_word' id='word_1_40' title='bbox 909 1425 1369 1482; x_wconf 78' lang='lat' dir='ltr'><strong>sacrosanctae</strong></span> <span class='ocrx_word' id='word_1_41' title='bbox 1403 1417 1739 1482; x_wconf 83' lang='lat' dir='ltr'><strong>Romanae</strong></span> <span class='ocrx_word' id='word_1_42' title='bbox 1765 1418 2096 1496; x_wconf 85' lang='lat' dir='ltr'><strong>ecclesiae,</strong></span> <span class='ocrx_word' id='word_1_43' title='bbox 2123 1420 2307 1502; x_wconf 90' lang='lat' dir='ltr'><strong>quod</strong></span> 
     </span>
     <span class='ocr_line' id='line_1_7' title="bbox 428 1517 2306 1599; baseline -0.002 -15"><span class='ocrx_word' id='word_1_44' title='bbox 428 1529 561 1584; x_wconf 47' lang='lat' dir='ltr'><strong>,tua</strong></span> <span class='ocrx_word' id='word_1_45' title='bbox 604 1519 810 1584; x_wconf 87' lang='lat' dir='ltr'><strong>etiam</strong></span> <span class='ocrx_word' id='word_1_46' title='bbox 849 1517 1173 1582; x_wconf 77' lang='lat' dir='ltr'><strong>nobilitas</strong></span> <span class='ocrx_word' id='word_1_47' title='bbox 1209 1518 1663 1599; x_wconf 81' lang='lat' dir='ltr'><strong>recognoscit,</strong></span> <span class='ocrx_word' id='word_1_48' title='bbox 1702 1537 1841 1582; x_wconf 90' lang='lat' dir='ltr'><strong>non</strong></span> <span class='ocrx_word' id='word_1_49' title='bbox 1882 1525 1989 1582; x_wconf 88' lang='lat' dir='ltr'><strong>est</strong></span> <span class='ocrx_word' id='word_1_50' title='bbox 2025 1518 2306 1583; x_wconf 90' lang='lat' dir='ltr'><strong>dubium</strong></span> 
     </span>
     <span class='ocr_line' id='line_1_8' title="bbox 438 1616 2307 1702; baseline 0 -19"><span class='ocrx_word' id='word_1_51' title='bbox 438 1619 814 1702; x_wconf 87' lang='lat' dir='ltr'><strong>pertinere;</strong></span> <span class='ocrx_word' id='word_1_52' title='bbox 860 1618 921 1681; x_wconf 90' lang='lat' dir='ltr'><strong>si</strong></span> <span class='ocrx_word' id='word_1_53' title='bbox 962 1636 1129 1698; x_wconf 84' lang='lat' dir='ltr'><strong>ergo</strong></span> <span class='ocrx_word' id='word_1_54' title='bbox 1164 1616 1348 1700; x_wconf 90' lang='lat' dir='ltr'><strong>quod</strong></span> <span class='ocrx_word' id='word_1_55' title='bbox 1388 1618 1616 1680; x_wconf 89' lang='lat' dir='ltr'><strong>animo</strong></span> <span class='ocrx_word' id='word_1_56' title='bbox 1649 1618 2024 1700; x_wconf 83' lang='lat' dir='ltr'><strong>concepisti</strong></span> <span class='ocrx_word' id='word_1_57' title='bbox 2062 1618 2307 1683; x_wconf 86' lang='lat' dir='ltr'><strong>effectu</strong></span> 
     </span>
     <span class='ocr_line' id='line_1_9' title="bbox 439 1716 2308 1800; baseline 0 -18"><span class='ocrx_word' id='word_1_58' title='bbox 439 1716 718 1782; x_wconf 83' lang='lat' dir='ltr'><strong>duxeris</strong></span> <span class='ocrx_word' id='word_1_59' title='bbox 759 1723 1215 1800; x_wconf 87' lang='lat' dir='ltr'><strong>prosequente</strong></span> <span class='ocrx_word' id='word_1_60' title='bbox 1248 1716 1748 1799; x_wconf 88' lang='lat' dir='ltr'><strong>complendum,</strong></span> <span class='ocrx_word' id='word_1_61' title='bbox 1781 1717 1982 1781; x_wconf 87' lang='lat' dir='ltr'><strong>stude</strong></span> <span class='ocrx_word' id='word_1_62' title='bbox 2033 1725 2308 1799; x_wconf 86' lang='lat' dir='ltr'><strong>gentem</strong></span> 
     </span>
     <span class='ocr_line' id='line_1_10' title="bbox 439 1815 2310 1900; baseline -0.001 -19"><span class='ocrx_word' id='word_1_63' title='bbox 439 1818 627 1881; x_wconf 87' lang='lat' dir='ltr'><strong>illam</strong></span> <span class='ocrx_word' id='word_1_64' title='bbox 672 1817 871 1880; x_wconf 89' lang='lat' dir='ltr'><strong>bonis</strong></span> <span class='ocrx_word' id='word_1_65' title='bbox 919 1816 1221 1880; x_wconf 88' lang='lat' dir='ltr'><strong>moribus</strong></span> <span class='ocrx_word' id='word_1_66' title='bbox 1264 1815 1655 1894; x_wconf 86' lang='lat' dir='ltr'><strong>informare,</strong></span> <span class='ocrx_word' id='word_1_67' title='bbox 1688 1825 1760 1881; x_wconf 91' lang='lat' dir='ltr'><strong>et</strong></span> <span class='ocrx_word' id='word_1_68' title='bbox 1798 1836 1968 1898; x_wconf 78' lang='lat' dir='ltr'><strong>agas</strong></span> <span class='ocrx_word' id='word_1_69' title='bbox 2000 1825 2142 1881; x_wconf 91' lang='lat' dir='ltr'><strong>tam</strong></span> <span class='ocrx_word' id='word_1_70' title='bbox 2186 1838 2310 1900; x_wconf 88' lang='lat' dir='ltr'><strong>per</strong></span> 
     </span>
     <span class='ocr_line' id='line_1_11' title="bbox 439 1914 2310 1998; baseline 0 -17"><span class='ocrx_word' id='word_1_71' title='bbox 439 1925 509 1981; x_wconf 91' lang='lat' dir='ltr'><strong>te</strong></span> <span class='ocrx_word' id='word_1_72' title='bbox 562 1935 769 1998; x_wconf 88' lang='lat' dir='ltr'><strong>quam</strong></span> <span class='ocrx_word' id='word_1_73' title='bbox 833 1935 957 1998; x_wconf 92' lang='lat' dir='ltr'><strong>per</strong></span> <span class='ocrx_word' id='word_1_74' title='bbox 1014 1914 1197 1992; x_wconf 61' lang='lat' dir='ltr'><strong>illos»,</strong></span> <span class='ocrx_word' id='word_1_75' title='bbox 1253 1935 1426 1998; x_wconf 90' lang='lat' dir='ltr'><strong>quos</strong></span> <span class='ocrx_word' id='word_1_76' title='bbox 1486 1915 1572 1979; x_wconf 89' lang='lat' dir='ltr'><strong>ad</strong></span> <span class='ocrx_word' id='word_1_77' title='bbox 1629 1915 1760 1981; x_wconf 92' lang='lat' dir='ltr'><strong>hoc</strong></span> <span class='ocrx_word' id='word_1_78' title='bbox 1811 1916 1944 1981; x_wconf 91' lang='lat' dir='ltr'><strong>fide</strong></span> <span class='ocrx_word' id='word_1_79' title='bbox 1987 1918 2194 1981; x_wconf 86' lang='lat' dir='ltr'><strong>verbo</strong></span> <span class='ocrx_word' id='word_1_80' title='bbox 2239 1924 2310 1981; x_wconf 89' lang='lat' dir='ltr'><strong>et</strong></span> 
     </span>
     <span class='ocr_line' id='line_1_12' title="bbox 442 2010 2307 2097; baseline -0.001 -17"><span class='ocrx_word' id='word_1_81' title='bbox 442 2017 590 2080; x_wconf 83' lang='lat' dir='ltr'><strong>vita</strong></span> <span class='ocrx_word' id='word_1_82' title='bbox 640 2010 922 2079; x_wconf 87' lang='lat' dir='ltr'><strong>idoneos</strong></span> <span class='ocrx_word' id='word_1_83' title='bbox 975 2032 1127 2078; x_wconf 86' lang='lat' dir='ltr'><strong>esse</strong></span> <span class='ocrx_word' id='word_1_84' title='bbox 1185 2015 1641 2097; x_wconf 84' lang='lat' dir='ltr'><strong>perspexeris,</strong></span> <span class='ocrx_word' id='word_1_85' title='bbox 1683 2023 1764 2079; x_wconf 92' lang='lat' dir='ltr'><strong>ut</strong></span> <span class='ocrx_word' id='word_1_86' title='bbox 1815 2016 2172 2081; x_wconf 88' lang='lat' dir='ltr'><strong>decoretur</strong></span> <span class='ocrx_word' id='word_1_87' title='bbox 2212 2017 2307 2079; x_wconf 86' lang='lat' dir='ltr'><strong>ibi</strong></span> 
     </span>
     <span class='ocr_line' id='line_1_13' title="bbox 438 2113 2309 2197; baseline 0 -18"><span class='ocrx_word' id='word_1_88' title='bbox 438 2115 757 2191; x_wconf 88' lang='lat' dir='ltr'><strong>ecclesia,</strong></span> <span class='ocrx_word' id='word_1_89' title='bbox 788 2114 1140 2197; x_wconf 79' lang='lat' dir='ltr'><strong>plantetur</strong></span> <span class='ocrx_word' id='word_1_90' title='bbox 1167 2120 1237 2176; x_wconf 92' lang='lat' dir='ltr'><strong>et</strong></span> <span class='ocrx_word' id='word_1_91' title='bbox 1270 2120 1534 2177; x_wconf 90' lang='lat' dir='ltr'><strong>crescat</strong></span> <span class='ocrx_word' id='word_1_92' title='bbox 1565 2113 1723 2178; x_wconf 89' lang='lat' dir='ltr'><strong>fidei</strong></span> <span class='ocrx_word' id='word_1_93' title='bbox 1758 2114 2164 2179; x_wconf 82' lang='lat' dir='ltr'><strong>Christianae</strong></span> <span class='ocrx_word' id='word_1_94' title='bbox 2202 2134 2309 2179; x_wconf 90' lang='lat' dir='ltr'><strong>re·-</strong></span> 
     </span>
     <span class='ocr_line' id='line_1_14' title="bbox 444 2212 2307 2296; baseline 0.001 -18"><span class='ocrx_word' id='word_1_95' title='bbox 444 2215 639 2296; x_wconf 79' lang='lat' dir='ltr'><strong>ligio,</strong></span> <span class='ocrx_word' id='word_1_96' title='bbox 672 2221 743 2277; x_wconf 92' lang='lat' dir='ltr'><strong>et</strong></span> <span class='ocrx_word' id='word_1_97' title='bbox 777 2232 932 2295; x_wconf 83' lang='lat' dir='ltr'><strong>quae</strong></span> <span class='ocrx_word' id='word_1_98' title='bbox 976 2212 1064 2276; x_wconf 88' lang='lat' dir='ltr'><strong>ad</strong></span> <span class='ocrx_word' id='word_1_99' title='bbox 1104 2212 1429 2276; x_wconf 90' lang='lat' dir='ltr'><strong>honorem</strong></span> <span class='ocrx_word' id='word_1_100' title='bbox 1480 2213 1614 2277; x_wconf 90' lang='lat' dir='ltr'><strong>Dei</strong></span> <span class='ocrx_word' id='word_1_101' title='bbox 1657 2220 1728 2277; x_wconf 88' lang='lat' dir='ltr'><strong>et</strong></span> <span class='ocrx_word' id='word_1_102' title='bbox 1765 2213 2056 2279; x_wconf 84' lang='lat' dir='ltr'><strong>salutem</strong></span> <span class='ocrx_word' id='word_1_103' title='bbox 2099 2216 2307 2296; x_wconf 85' lang='lat' dir='ltr'><strong>perti-</strong></span> 
     </span>
     <span class='ocr_line' id='line_1_15' title="bbox 438 2311 2312 2391; baseline 0.001 -15"><span class='ocrx_word' id='word_1_104' title='bbox 438 2320 613 2377; x_wconf 80' lang='lat' dir='ltr'><strong>nent</strong></span> <span class='ocrx_word' id='word_1_105' title='bbox 658 2314 1030 2376; x_wconf 86' lang='lat' dir='ltr'><strong>animarum</strong></span> <span class='ocrx_word' id='word_1_106' title='bbox 1089 2311 1320 2376; x_wconf 85' lang='lat' dir='ltr'><strong>taliter</strong></span> <span class='ocrx_word' id='word_1_107' title='bbox 1373 2312 1797 2391; x_wconf 88' lang='lat' dir='ltr'><strong>ordinentur,</strong></span> <span class='ocrx_word' id='word_1_108' title='bbox 1840 2320 1921 2377; x_wconf 89' lang='lat' dir='ltr'><strong>ut</strong></span> <span class='ocrx_word' id='word_1_109' title='bbox 1963 2320 2033 2377; x_wconf 91' lang='lat' dir='ltr'><strong>et</strong></span> <span class='ocrx_word' id='word_1_110' title='bbox 2082 2332 2126 2377; x_wconf 89' lang='lat' dir='ltr'><strong>a</strong></span> <span class='ocrx_word' id='word_1_111' title='bbox 2159 2314 2312 2378; x_wconf 90' lang='lat' dir='ltr'><strong>Deo</strong></span> 
     </span>
     <span class='ocr_line' id='line_1_16' title="bbox 444 2409 2311 2496; baseline 0 -20"><span class='ocrx_word' id='word_1_112' title='bbox 444 2412 875 2495; x_wconf 86' lang='lat' dir='ltr'><strong>sempiternae</strong></span> <span class='ocrx_word' id='word_1_113' title='bbox 933 2409 1261 2476; x_wconf 87' lang='lat' dir='ltr'><strong>mercedis</strong></span> <span class='ocrx_word' id='word_1_114' title='bbox 1315 2412 1662 2475; x_wconf 90' lang='lat' dir='ltr'><strong>cumulum</strong></span> <span class='ocrx_word' id='word_1_115' title='bbox 1712 2413 2040 2496; x_wconf 87' lang='lat' dir='ltr'><strong>consequi</strong></span> <span class='ocrx_word' id='word_1_116' title='bbox 2095 2432 2311 2476; x_wconf 91' lang='lat' dir='ltr'><strong>mere-</strong></span> 
     </span>
     <span class='ocr_line' id='line_1_17' title="bbox 441 2509 2316 2592; baseline 0.001 -17"><span class='ocrx_word' id='word_1_117' title='bbox 441 2513 604 2589; x_wconf 86' lang='lat' dir='ltr'><strong>aris,</strong></span> <span class='ocrx_word' id='word_1_118' title='bbox 649 2519 719 2574; x_wconf 92' lang='lat' dir='ltr'><strong>et</strong></span> <span class='ocrx_word' id='word_1_119' title='bbox 763 2512 838 2575; x_wconf 89' lang='lat' dir='ltr'><strong>in</strong></span> <span class='ocrx_word' id='word_1_120' title='bbox 875 2511 1076 2574; x_wconf 87' lang='lat' dir='ltr'><strong>terris</strong></span> <span class='ocrx_word' id='word_1_121' title='bbox 1113 2509 1486 2592; x_wconf 80' lang='lat' dir='ltr'><strong>gloriosum</strong></span> <span class='ocrx_word' id='word_1_122' title='bbox 1531 2531 1778 2577; x_wconf 89' lang='lat' dir='ltr'><strong>nomen</strong></span> <span class='ocrx_word' id='word_1_123' title='bbox 1816 2513 2051 2578; x_wconf 77' lang='lat' dir='ltr'><strong>valeas</strong></span> <span class='ocrx_word' id='word_1_124' title='bbox 2092 2513 2166 2576; x_wconf 88' lang='lat' dir='ltr'><strong>in</strong></span> <span class='ocrx_word' id='word_1_125' title='bbox 2208 2531 2316 2576; x_wconf 89' lang='lat' dir='ltr'><strong>se-</strong></span> 
     </span>
     <span class='ocr_line' id='line_1_18' title="bbox 439 2610 994 2675; baseline -0.007 0"><span class='ocrx_word' id='word_1_126' title='bbox 439 2611 612 2675; x_wconf 87' lang='lat' dir='ltr'><strong>culis</strong></span> <span class='ocrx_word' id='word_1_127' title='bbox 643 2610 994 2675; x_wconf 69' lang='lat' dir='ltr'><strong>obtinere!</strong></span> 
     </span>
    </p>
   </div>
   <div class='ocr_carea' id='block_1_3' title="bbox 446 2782 2583 4287">
    <p class='ocr_par' dir='ltr' id='par_1_3' title="bbox 469 2782 2280 2851">
     <span class='ocr_line' id='line_1_19' title="bbox 469 2782 2280 2851; baseline 0.002 -4"><span class='ocrx_word' id='word_1_128' title='bbox 469 2784 567 2847; x_wconf 76' lang='lat' dir='ltr'><strong>Do</strong></span> <span class='ocrx_word' id='word_1_129' title='bbox 594 2783 934 2847; x_wconf 70' lang='lat' dir='ltr'><strong>inventione</strong></span> <span class='ocrx_word' id='word_1_130' title='bbox 959 2782 1178 2846; x_wconf 68' lang='lat' dir='ltr'><strong>tumim</strong></span> <span class='ocrx_word' id='word_1_131' title='bbox 1204 2782 1593 2849; x_wconf 68' lang='lat' dir='ltr'><strong>inconsutilis</strong></span> <span class='ocrx_word' id='word_1_132' title='bbox 1619 2784 1880 2848; x_wconf 75' lang='lat' dir='ltr'><strong>Domini</strong></span> <span class='ocrx_word' id='word_1_133' title='bbox 1907 2784 2280 2851; x_wconf 73' lang='lat' dir='ltr'><strong>Saboatorie.</strong></span> 
     </span>
    </p>

    <p class='ocr_par' dir='ltr' id='par_1_4' title="bbox 446 2907 2583 4287">
     <span class='ocr_line' id='line_1_20' title="bbox 545 2907 2583 2991; baseline -0.002 -18"><span class='ocrx_word' id='word_1_134' title='bbox 545 2907 750 2973; x_wconf 89' lang='lat' dir='ltr'><strong>Anno</strong></span> <span class='ocrx_word' id='word_1_135' title='bbox 778 2907 1058 2974; x_wconf 87' lang='lat' dir='ltr'><strong>Domini</strong></span> <span class='ocrx_word' id='word_1_136' title='bbox 1084 2924 1326 2973; x_wconf 69' lang='lat' dir='ltr'><strong>Mcnvl.</strong></span> <span class='ocrx_word' id='word_1_137' title='bbox 1362 2908 1435 2972; x_wconf 91' lang='lat' dir='ltr'><strong>in</strong></span> <span class='ocrx_word' id='word_1_138' title='bbox 1462 2928 1644 2991; x_wconf 84' lang='lat' dir='ltr'><strong>pago</strong></span> <span class='ocrx_word' id='word_1_139' title='bbox 1673 2908 2156 2989; x_wconf 81' lang='lat' dir='ltr'><strong>Parisiacensi,</strong></span> <span class='ocrx_word' id='word_1_140' title='bbox 2175 2930 2316 2976; x_wconf 90' lang='lat' dir='ltr'><strong>mo-</strong></span> <span class='ocrx_word' id='word_1_141' title='bbox 2339 2929 2583 2971; x_wconf 70' lang='lat' dir='ltr'><strong>A.1›.nso.</strong></span> 
     </span>
     <span class='ocr_line' id='line_1_21' title="bbox 446 2982 2519 3091; baseline 0.001 -18"><span class='ocrx_word' id='word_1_142' title='bbox 446 3009 748 3073; x_wconf 81' lang='lat' dir='ltr'><strong>nasterio</strong></span> <span class='ocrx_word' id='word_1_143' title='bbox 768 3007 1200 3091; x_wconf 84' lang='lat' dir='ltr'><strong>Argentoilo‚</strong></span> <span class='ocrx_word' id='word_1_144' title='bbox 1224 3008 1643 3073; x_wconf 81' lang='lat' dir='ltr'><strong>revelatione</strong></span> <span class='ocrx_word' id='word_1_145' title='bbox 1668 3009 1903 3074; x_wconf 80' lang='lat' dir='ltr'><strong>divina</strong></span> <span class='ocrx_word' id='word_1_146' title='bbox 1918 3011 2153 3075; x_wconf 89' lang='lat' dir='ltr'><strong>tunica</strong></span> <span class='ocrx_word' id='word_1_147' title='bbox 2171 3011 2317 3076; x_wconf 86' lang='lat' dir='ltr'><strong>Sal-</strong></span> <span class='ocrx_word' id='word_1_148' title='bbox 2337 2982 2519 3031; x_wconf 58' lang='lat' dir='ltr'><strong><em>m</em></strong></span> 
     </span>
     <span class='ocr_line' id='line_1_22' title="bbox 448 3108 2317 3193; baseline 0.001 -20"><span class='ocrx_word' id='word_1_149' title='bbox 448 3109 709 3173; x_wconf 82' lang='lat' dir='ltr'><strong>vatoris</strong></span> <span class='ocrx_word' id='word_1_150' title='bbox 736 3108 1162 3172; x_wconf 87' lang='lat' dir='ltr'><strong>inconsutilis</strong></span> <span class='ocrx_word' id='word_1_151' title='bbox 1189 3116 1260 3172; x_wconf 92' lang='lat' dir='ltr'><strong>et</strong></span> <span class='ocrx_word' id='word_1_152' title='bbox 1286 3109 1591 3172; x_wconf 87' lang='lat' dir='ltr'><strong>subfusci</strong></span> <span class='ocrx_word' id='word_1_153' title='bbox 1614 3109 1863 3174; x_wconf 89' lang='lat' dir='ltr'><strong>coloris</strong></span> <span class='ocrx_word' id='word_1_154' title='bbox 1889 3118 2162 3193; x_wconf 86' lang='lat' dir='ltr'><strong>reperta</strong></span> <span class='ocrx_word' id='word_1_155' title='bbox 2188 3118 2317 3189; x_wconf 89' lang='lat' dir='ltr'><strong>est,</strong></span> 
     </span>
     <span class='ocr_line' id='line_1_23' title="bbox 449 3208 2319 3291; baseline 0.002 -20"><span class='ocrx_word' id='word_1_156' title='bbox 449 3227 682 3291; x_wconf 89' lang='lat' dir='ltr'><strong>quam,</strong></span> <span class='ocrx_word' id='word_1_157' title='bbox 699 3209 881 3272; x_wconf 89' lang='lat' dir='ltr'><strong>sicut</strong></span> <span class='ocrx_word' id='word_1_158' title='bbox 901 3208 1117 3272; x_wconf 81' lang='lat' dir='ltr'><strong>literae</strong></span> <span class='ocrx_word' id='word_1_159' title='bbox 1140 3227 1294 3272; x_wconf 91' lang='lat' dir='ltr'><strong>cum</strong></span> <span class='ocrx_word' id='word_1_160' title='bbox 1316 3226 1401 3272; x_wconf 82' lang='lat' dir='ltr'><strong>ea</strong></span> <span class='ocrx_word' id='word_1_161' title='bbox 1420 3216 1710 3291; x_wconf 82' lang='lat' dir='ltr'><strong>repertae</strong></span> <span class='ocrx_word' id='word_1_162' title='bbox 1728 3209 2149 3287; x_wconf 88' lang='lat' dir='ltr'><strong>indicabant,</strong></span> <span class='ocrx_word' id='word_1_163' title='bbox 2171 3210 2319 3291; x_wconf 85' lang='lat' dir='ltr'><strong>glo-</strong></span> 
     </span>
     <span class='ocr_line' id='line_1_24' title="bbox 450 3308 2314 3393; baseline 0.001 -22"><span class='ocrx_word' id='word_1_164' title='bbox 450 3309 639 3372; x_wconf 84' lang='lat' dir='ltr'><strong>riosa</strong></span> <span class='ocrx_word' id='word_1_165' title='bbox 669 3314 889 3371; x_wconf 87' lang='lat' dir='ltr'><strong>mater</strong></span> <span class='ocrx_word' id='word_1_166' title='bbox 914 3308 1063 3391; x_wconf 88' lang='lat' dir='ltr'><strong>ejus</strong></span> <span class='ocrx_word' id='word_1_167' title='bbox 1093 3308 1349 3373; x_wconf 86' lang='lat' dir='ltr'><strong>fecerat</strong></span> <span class='ocrx_word' id='word_1_168' title='bbox 1382 3308 1445 3372; x_wconf 90' lang='lat' dir='ltr'><strong>ei</strong></span> <span class='ocrx_word' id='word_1_169' title='bbox 1472 3308 1636 3372; x_wconf 90' lang='lat' dir='ltr'><strong>dum</strong></span> <span class='ocrx_word' id='word_1_170' title='bbox 1662 3309 1886 3373; x_wconf 88' lang='lat' dir='ltr'><strong>adhuc</strong></span> <span class='ocrx_word' id='word_1_171' title='bbox 1912 3328 2086 3393; x_wconf 92' lang='lat' dir='ltr'><strong>puer</strong></span> <span class='ocrx_word' id='word_1_172' title='bbox 2111 3316 2314 3373; x_wconf 88' lang='lat' dir='ltr'><strong>esset.</strong></span> 
     </span>
     <span class='ocr_line' id='line_1_25' title="bbox 454 3406 2314 3473; baseline 0.001 -1"><span class='ocrx_word' id='word_1_173' title='bbox 454 3407 715 3472; x_wconf 90' lang='lat' dir='ltr'><strong>Eodem</strong></span> <span class='ocrx_word' id='word_1_174' title='bbox 735 3426 918 3471; x_wconf 87' lang='lat' dir='ltr'><strong>anno</strong></span> <span class='ocrx_word' id='word_1_175' title='bbox 940 3426 1065 3470; x_wconf 86' lang='lat' dir='ltr'><strong>rex</strong></span> <span class='ocrx_word' id='word_1_176' title='bbox 1095 3406 1444 3472; x_wconf 89' lang='lat' dir='ltr'><strong>Henricus</strong></span> <span class='ocrx_word' id='word_1_177' title='bbox 1469 3408 1542 3473; x_wconf 91' lang='lat' dir='ltr'><strong>in</strong></span> <span class='ocrx_word' id='word_1_178' title='bbox 1569 3408 2066 3473; x_wconf 77' lang='lat' dir='ltr'><strong>Nol-manniam</strong></span> <span class='ocrx_word' id='word_1_179' title='bbox 2093 3416 2314 3473; x_wconf 88' lang='lat' dir='ltr'><strong>trans-</strong></span> 
     </span>
     <span class='ocr_line' id='line_1_26' title="bbox 448 3502 2315 3590; baseline 0.001 -20"><span class='ocrx_word' id='word_1_180' title='bbox 448 3508 602 3572; x_wconf 89' lang='lat' dir='ltr'><strong>iens</strong></span> <span class='ocrx_word' id='word_1_181' title='bbox 642 3507 826 3590; x_wconf 91' lang='lat' dir='ltr'><strong>cepit</strong></span> <span class='ocrx_word' id='word_1_182' title='bbox 871 3507 1083 3588; x_wconf 79' lang='lat' dir='ltr'><strong>longa</strong></span> <span class='ocrx_word' id='word_1_183' title='bbox 1120 3507 1469 3572; x_wconf 90' lang='lat' dir='ltr'><strong>obsidione</strong></span> <span class='ocrx_word' id='word_1_184' title='bbox 1517 3508 1805 3572; x_wconf 89' lang='lat' dir='ltr'><strong>castella</strong></span> <span class='ocrx_word' id='word_1_185' title='bbox 1855 3502 2315 3574; x_wconf 88' lang='lat' dir='ltr'><strong>¹Mirebellum</strong></span> 
     </span>
     <span class='ocr_line' id='line_1_27' title="bbox 448 3605 2315 3692; baseline 0.001 -22"><span class='ocrx_word' id='word_1_186' title='bbox 448 3614 522 3671; x_wconf 88' lang='lat' dir='ltr'><strong>et</strong></span> <span class='ocrx_word' id='word_1_187' title='bbox 552 3605 956 3684; x_wconf 88' lang='lat' dir='ltr'><strong>Chinonem,</strong></span> <span class='ocrx_word' id='word_1_188' title='bbox 990 3605 1380 3671; x_wconf 86' lang='lat' dir='ltr'><strong>Losdunum</strong></span> <span class='ocrx_word' id='word_1_189' title='bbox 1415 3626 1578 3672; x_wconf 85' lang='lat' dir='ltr'><strong>vero</strong></span> <span class='ocrx_word' id='word_1_190' title='bbox 1611 3615 1818 3673; x_wconf 91' lang='lat' dir='ltr'><strong>antea</strong></span> <span class='ocrx_word' id='word_1_191' title='bbox 1853 3610 1925 3673; x_wconf 90' lang='lat' dir='ltr'><strong>in</strong></span> <span class='ocrx_word' id='word_1_192' title='bbox 1953 3609 2074 3692; x_wconf 88' lang='lat' dir='ltr'><strong>jus</strong></span> <span class='ocrx_word' id='word_1_193' title='bbox 2116 3627 2315 3672; x_wconf 89' lang='lat' dir='ltr'><strong>suum</strong></span> 
     </span>
     <span class='ocr_line' id='line_1_28' title="bbox 449 3707 2315 3792; baseline 0.002 -24"><span class='ocrx_word' id='word_1_194' title='bbox 449 3713 853 3790; x_wconf 83' lang='lat' dir='ltr'><strong>receperat3</strong></span> <span class='ocrx_word' id='word_1_195' title='bbox 914 3725 1072 3769; x_wconf 87' lang='lat' dir='ltr'><strong>nam</strong></span> <span class='ocrx_word' id='word_1_196' title='bbox 1133 3714 1204 3771; x_wconf 91' lang='lat' dir='ltr'><strong>et</strong></span> <span class='ocrx_word' id='word_1_197' title='bbox 1249 3707 1457 3789; x_wconf 89' lang='lat' dir='ltr'><strong>paulo</strong></span> <span class='ocrx_word' id='word_1_198' title='bbox 1509 3715 1671 3772; x_wconf 90' lang='lat' dir='ltr'><strong>ante</strong></span> <span class='ocrx_word' id='word_1_199' title='bbox 1716 3727 1872 3772; x_wconf 91' lang='lat' dir='ltr'><strong>cum</strong></span> <span class='ocrx_word' id='word_1_200' title='bbox 1913 3708 2125 3772; x_wconf 87' lang='lat' dir='ltr'><strong>frater</strong></span> <span class='ocrx_word' id='word_1_201' title='bbox 2165 3708 2315 3792; x_wconf 86' lang='lat' dir='ltr'><strong>ejus</strong></span> 
     </span>
     <span class='ocr_line' id='line_1_29' title="bbox 450 3805 2404 3889; baseline 0.001 -19"><span class='ocrx_word' id='word_1_202' title='bbox 450 3805 855 3882; x_wconf 81' lang='lat' dir='ltr'><strong>Gaufridus,</strong></span> <span class='ocrx_word' id='word_1_203' title='bbox 902 3806 1045 3888; x_wconf 90' lang='lat' dir='ltr'><strong>qui,</strong></span> <span class='ocrx_word' id='word_1_204' title='bbox 1098 3806 1391 3889; x_wconf 86' lang='lat' dir='ltr'><strong>expulso</strong></span> <span class='ocrx_word' id='word_1_205' title='bbox 1449 3808 1694 3871; x_wconf 89' lang='lat' dir='ltr'><strong>comite</strong></span> <span class='ocrx_word' id='word_1_206' title='bbox 1746 3808 2123 3872; x_wconf 65' lang='lat' dir='ltr'><strong>Britanniae</strong></span> <span class='ocrx_word' id='word_1_207' title='bbox 2166 3807 2318 3872; x_wconf 91' lang='lat' dir='ltr'><strong>Ho-</strong></span> <span class='ocrx_word' id='word_1_208' title='bbox 2398 3826 2404 3832; x_wconf 82' lang='lat'><em>·</em></span> 
     </span>
     <span class='ocr_line' id='line_1_30' title="bbox 447 3905 2318 3989; baseline 0.001 -20"><span class='ocrx_word' id='word_1_209' title='bbox 447 3906 586 3982; x_wconf 92' lang='lat' dir='ltr'><strong>elo,</strong></span> <span class='ocrx_word' id='word_1_210' title='bbox 621 3905 1105 3983; x_wconf 89' lang='lat' dir='ltr'><strong>Nanneticam,</strong></span> <span class='ocrx_word' id='word_1_211' title='bbox 1127 3907 1392 3970; x_wconf 86' lang='lat' dir='ltr'><strong>civibus</strong></span> <span class='ocrx_word' id='word_1_212' title='bbox 1414 3906 2017 3984; x_wconf 75' lang='lat' dir='ltr'><strong>consentientibuS,</strong></span> <span class='ocrx_word' id='word_1_213' title='bbox 2043 3914 2318 3989; x_wconf 81' lang='lat' dir='ltr'><strong>ceperat</strong></span> 
     </span>
     <span class='ocr_line' id='line_1_31' title="bbox 449 4004 2318 4089; baseline 0.001 -20"><span class='ocrx_word' id='word_1_214' title='bbox 449 4006 825 4083; x_wconf 84' lang='lat' dir='ltr'><strong>civitatem,</strong></span> <span class='ocrx_word' id='word_1_215' title='bbox 868 4005 997 4070; x_wconf 91' lang='lat' dir='ltr'><strong>hac</strong></span> <span class='ocrx_word' id='word_1_216' title='bbox 1052 4004 1441 4069; x_wconf 90' lang='lat' dir='ltr'><strong>conditione</strong></span> <span class='ocrx_word' id='word_1_217' title='bbox 1493 4025 1648 4069; x_wconf 91' lang='lat' dir='ltr'><strong>cum</strong></span> <span class='ocrx_word' id='word_1_218' title='bbox 1708 4026 1869 4088; x_wconf 82' lang='lat' dir='ltr'><strong>rege</strong></span> <span class='ocrx_word' id='word_1_219' title='bbox 1915 4007 2318 4089; x_wconf 87' lang='lat' dir='ltr'><strong>pacificatus</strong></span> 
     </span>
     <span class='ocr_line' id='line_1_32' title="bbox 450 4104 2320 4187; baseline -0.001 -18"><span class='ocrx_word' id='word_1_220' title='bbox 450 4112 585 4182; x_wconf 88' lang='lat' dir='ltr'><strong>est,</strong></span> <span class='ocrx_word' id='word_1_221' title='bbox 640 4113 720 4169; x_wconf 91' lang='lat' dir='ltr'><strong>ut</strong></span> <span class='ocrx_word' id='word_1_222' title='bbox 767 4125 891 4169; x_wconf 87' lang='lat' dir='ltr'><strong>rex</strong></span> <span class='ocrx_word' id='word_1_223' title='bbox 941 4105 1137 4169; x_wconf 89' lang='lat' dir='ltr'><strong>daret</strong></span> <span class='ocrx_word' id='word_1_224' title='bbox 1182 4106 1245 4169; x_wconf 93' lang='lat' dir='ltr'><strong>ei</strong></span> <span class='ocrx_word' id='word_1_225' title='bbox 1293 4104 1583 4187; x_wconf 80' lang='lat' dir='ltr'><strong>singulis</strong></span> <span class='ocrx_word' id='word_1_226' title='bbox 1630 4107 1829 4169; x_wconf 89' lang='lat' dir='ltr'><strong>annis</strong></span> <span class='ocrx_word' id='word_1_227' title='bbox 1870 4106 2056 4169; x_wconf 88' lang='lat' dir='ltr'><strong>mille</strong></span> <span class='ocrx_word' id='word_1_228' title='bbox 2109 4105 2320 4169; x_wconf 87' lang='lat' dir='ltr'><strong>libras</strong></span> 
     </span>
     <span class='ocr_line' id='line_1_33' title="bbox 450 4197 2320 4287; baseline -0.001 -19"><span class='ocrx_word' id='word_1_229' title='bbox 450 4203 772 4287; x_wconf 82' lang='lat' dir='ltr'><strong>Anglicae</strong></span> <span class='ocrx_word' id='word_1_230' title='bbox 814 4212 1107 4269; x_wconf 78' lang='lat' dir='ltr'><strong>monetae</strong></span> <span class='ocrx_word' id='word_1_231' title='bbox 1139 4211 1210 4269; x_wconf 91' lang='lat' dir='ltr'><strong>et</strong></span> <span class='ocrx_word' id='word_1_232' title='bbox 1246 4197 1874 4287; x_wconf 79' lang='lat' dir='ltr'><strong>&#39;Andegavensium</strong></span> <span class='ocrx_word' id='word_1_233' title='bbox 1909 4206 2046 4269; x_wconf 91' lang='lat' dir='ltr'><strong>duo</strong></span> <span class='ocrx_word' id='word_1_234' title='bbox 2082 4204 2320 4282; x_wconf 89' lang='lat' dir='ltr'><strong>millia,</strong></span> 
     </span>
    </p>
   </div>
   <div class='ocr_carea' id='block_1_4' title="bbox 447 4368 2325 4712">
    <p class='ocr_par' dir='ltr' id='par_1_5' title="bbox 448 4368 2322 4503">
     <span class='ocr_line' id='line_1_34' title="bbox 524 4368 2319 4435; baseline 0.001 -16"><span class='ocrx_word' id='word_1_235' title='bbox 524 4368 541 4400; x_wconf 86' lang='lat'><strong>¹</strong></span> <span class='ocrx_word' id='word_1_236' title='bbox 560 4370 867 4420; x_wconf 78' lang='lat' dir='ltr'><strong>Mirebellum</strong></span> <span class='ocrx_word' id='word_1_237' title='bbox 898 4405 912 4420; x_wconf 89' lang='lat'><strong>.</strong></span> <span class='ocrx_word' id='word_1_238' title='bbox 948 4405 963 4420; x_wconf 88' lang='lat'><strong>.</strong></span> <span class='ocrx_word' id='word_1_239' title='bbox 999 4406 1014 4422; x_wconf 87' lang='lat'><strong>.</strong></span> <span class='ocrx_word' id='word_1_240' title='bbox 1043 4371 1361 4435; x_wconf 57' lang='lat' dir='ltr'><strong>Lamnum]</strong></span> <span class='ocrx_word' id='word_1_241' title='bbox 1417 4371 1650 4434; x_wconf 80' lang='lat' dir='ltr'><strong>English,</strong></span> <span class='ocrx_word' id='word_1_242' title='bbox 1688 4372 1766 4421; x_wconf 82' lang='lat' dir='ltr'><strong>for</strong></span> <span class='ocrx_word' id='word_1_243' title='bbox 1806 4372 2053 4420; x_wconf 80' lang='lat' dir='ltr'><strong>Hoveden</strong></span> <span class='ocrx_word' id='word_1_244' title='bbox 2094 4371 2146 4418; x_wconf 89' lang='lat' dir='ltr'><strong>in</strong></span> <span class='ocrx_word' id='word_1_245' title='bbox 2184 4372 2246 4421; x_wconf 84' lang='lat' dir='ltr'><strong>R.</strong></span> <span class='ocrx_word' id='word_1_246' title='bbox 2283 4372 2319 4420; x_wconf 90' lang='lat' dir='ltr'><strong>i.</strong></span> 
     </span>
     <span class='ocr_line' id='line_1_35' title="bbox 448 4440 2322 4503; baseline -0.001 -14"><span class='ocrx_word' id='word_1_247' title='bbox 448 4442 739 4502; x_wconf 81' lang='lat' dir='ltr'><strong>Mirabeau,</strong></span> <span class='ocrx_word' id='word_1_248' title='bbox 761 4440 979 4501; x_wconf 87' lang='lat' dir='ltr'><strong>Chinon,</strong></span> <span class='ocrx_word' id='word_1_249' title='bbox 1006 4440 1105 4489; x_wconf 87' lang='lat' dir='ltr'><strong>and</strong></span> <span class='ocrx_word' id='word_1_250' title='bbox 1132 4441 1361 4490; x_wconf 85' lang='lat' dir='ltr'><strong>Loudun.</strong></span> <span class='ocrx_word' id='word_1_251' title='bbox 1414 4456 1466 4502; x_wconf 87' lang='lat' dir='ltr'><strong>p.</strong></span> <span class='ocrx_word' id='word_1_252' title='bbox 1492 4446 1609 4502; x_wconf 79' lang='grc'><strong>384,</strong></span> <span class='ocrx_word' id='word_1_253' title='bbox 1627 4443 1677 4491; x_wconf 92' lang='lat' dir='ltr'><strong>b.</strong></span> <span class='ocrx_word' id='word_1_254' title='bbox 1706 4456 1845 4503; x_wconf 77' lang='lat' dir='ltr'><strong>says,</strong></span> <span class='ocrx_word' id='word_1_255' title='bbox 1866 4442 1978 4490; x_wconf 89' lang='lat' dir='ltr'><strong>One</strong></span> <span class='ocrx_word' id='word_1_256' title='bbox 2000 4455 2168 4502; x_wconf 83' lang='lat' dir='ltr'><strong>penny</strong></span> <span class='ocrx_word' id='word_1_257' title='bbox 2187 4441 2322 4502; x_wconf 82' lang='lat' dir='ltr'><strong>Eng-</strong></span> 
     </span>
    </p>

    <p class='ocr_par' dir='ltr' id='par_1_6' title="bbox 447 4507 2325 4712">
     <span class='ocr_line' id='line_1_36' title="bbox 524 4507 2325 4574; baseline -0.001 -15"><span class='ocrx_word' id='word_1_258' title='bbox 524 4507 1010 4574; x_wconf 71' lang='lat' dir='ltr'><strong>²Audegavemium.]</strong></span> <span class='ocrx_word' id='word_1_259' title='bbox 1033 4512 1049 4538; x_wconf 90' lang='lat'>‘</span> <span class='ocrx_word' id='word_1_260' title='bbox 1068 4511 1181 4560; x_wconf 90' lang='lat' dir='ltr'><strong>One</strong></span> <span class='ocrx_word' id='word_1_261' title='bbox 1198 4526 1365 4572; x_wconf 83' lang='lat' dir='ltr'><strong>penny</strong></span> <span class='ocrx_word' id='word_1_262' title='bbox 1414 4511 1512 4559; x_wconf 84' lang='lat' dir='ltr'><strong>lish</strong></span> <span class='ocrx_word' id='word_1_263' title='bbox 1534 4526 1644 4560; x_wconf 82' lang='lat' dir='ltr'><strong>was</strong></span> <span class='ocrx_word' id='word_1_264' title='bbox 1665 4516 1716 4560; x_wconf 87' lang='lat' dir='ltr'><strong>to</strong></span> <span class='ocrx_word' id='word_1_265' title='bbox 1739 4527 1803 4573; x_wconf 79' lang='lat' dir='ltr'><strong>go</strong></span> <span class='ocrx_word' id='word_1_266' title='bbox 1834 4513 1884 4559; x_wconf 90' lang='lat' dir='ltr'><strong>in</strong></span> <span class='ocrx_word' id='word_1_267' title='bbox 1906 4512 1976 4560; x_wconf 84' lang='lat' dir='ltr'><strong>all</strong></span> <span class='ocrx_word' id='word_1_268' title='bbox 2008 4510 2227 4558; x_wconf 82' lang='lat' dir='ltr'><strong>markets</strong></span> <span class='ocrx_word' id='word_1_269' title='bbox 2249 4509 2325 4557; x_wconf 79' lang='lat' dir='ltr'><strong>sor</strong></span> 
     </span>
     <span class='ocr_line' id='line_1_37' title="bbox 447 4579 2324 4645; baseline 0.001 -17"><span class='ocrx_word' id='word_1_270' title='bbox 447 4579 511 4629; x_wconf 76' lang='lat' dir='ltr'><strong>os</strong></span> <span class='ocrx_word' id='word_1_271' title='bbox 560 4581 777 4643; x_wconf 81' lang='lat' dir='ltr'><strong>Anjovin</strong></span> <span class='ocrx_word' id='word_1_272' title='bbox 820 4595 998 4641; x_wconf 80' lang='lat' dir='ltr'><strong>money</strong></span> <span class='ocrx_word' id='word_1_273' title='bbox 1042 4595 1151 4629; x_wconf 80' lang='lat' dir='ltr'><strong>was</strong></span> <span class='ocrx_word' id='word_1_274' title='bbox 1197 4581 1291 4629; x_wconf 87' lang='lat' dir='ltr'><strong>but</strong></span> <span class='ocrx_word' id='word_1_275' title='bbox 1333 4596 1366 4629; x_wconf 88' lang='lat' dir='ltr'><strong>a</strong></span> <span class='ocrx_word' id='word_1_276' title='bbox 1417 4580 1527 4629; x_wconf 79' lang='lat' dir='ltr'><strong>four</strong></span> <span class='ocrx_word' id='word_1_277' title='bbox 1547 4581 1766 4645; x_wconf 81' lang='lat' dir='ltr'><strong>Anjovin</strong></span> <span class='ocrx_word' id='word_1_278' title='bbox 1783 4580 1977 4644; x_wconf 64' lang='lat' dir='ltr'><strong>peuce!</strong></span> <span class='ocrx_word' id='word_1_279' title='bbox 2042 4579 2254 4641; x_wconf 76' lang='lat' dir='ltr'><strong>Tyn-ell,</strong></span> <span class='ocrx_word' id='word_1_280' title='bbox 2269 4579 2324 4629; x_wconf 88' lang='lat' dir='ltr'><strong>ii.</strong></span> 
     </span>
     <span class='ocr_line' id='line_1_38' title="bbox 450 4649 1604 4712; baseline 0.003 -14"><span class='ocrx_word' id='word_1_281' title='bbox 450 4649 623 4699; x_wconf 82' lang='lat' dir='ltr'><strong>fourth</strong></span> <span class='ocrx_word' id='word_1_282' title='bbox 635 4655 748 4712; x_wconf 83' lang='lat' dir='ltr'><strong>part</strong></span> <span class='ocrx_word' id='word_1_283' title='bbox 764 4649 820 4699; x_wconf 77' lang='lat' dir='ltr'><strong>of</strong></span> <span class='ocrx_word' id='word_1_284' title='bbox 827 4650 912 4699; x_wconf 85' lang='lat' dir='ltr'><strong>the</strong></span> <span class='ocrx_word' id='word_1_285' title='bbox 924 4650 1072 4700; x_wconf 85' lang='lat' dir='ltr'><strong>value</strong></span> <span class='ocrx_word' id='word_1_286' title='bbox 1085 4650 1143 4699; x_wconf 79' lang='lat' dir='ltr'><strong>of</strong></span> <span class='ocrx_word' id='word_1_287' title='bbox 1152 4664 1183 4698; x_wconf 88' lang='lat' dir='ltr'><strong>a</strong></span> <span class='ocrx_word' id='word_1_288' title='bbox 1200 4665 1363 4712; x_wconf 78' lang='lat' dir='ltr'><strong>penny</strong></span> <span class='ocrx_word' id='word_1_289' title='bbox 1416 4666 1466 4712; x_wconf 83' lang='lat' dir='ltr'><strong>p.</strong></span> <span class='ocrx_word' id='word_1_290' title='bbox 1491 4655 1604 4701; x_wconf 70' lang='lat'><strong>³⁰2.</strong></span> 
     </span>
    </p>
   </div>
  </div>
 </body>
</html>
