3457 5887
915 831 1189 879 nonus
1233 830 1764 880 msa-omasum
2147 813 2276 880 32⁴7

405 986 807 1067 quiesceret,
851 988 1183 1053 sanctitas
1215 995 1468 1065 vestra,
1512 1007 1667 1070 quae
1712 986 1848 1052 huc
1889 1007 2108 1070 usque
2149 1008 2270 1071 pa-
2295 1003 2403 1044 A--D
2424 1004 2534 1043 ¹¹⁰⁸·

408 1086 654 1150 tienter
706 1088 1054 1164 sustinuit,
1108 1087 1392 1152 ulterius
1434 1088 1505 1151 in
1550 1087 1887 1170 patientia
1932 1089 2270 1154 sustinere
2289 1054 2506 1195 &unffi

406 1204 543 1248 non
597 1194 853 1267 posset.
960 1186 1124 1268 Ipse
1188 1206 1353 1251 vero
1414 1185 1900 1252 correctionem
1960 1195 2267 1252 nostram
2488 1165 2543 1195 η’

405 1284 623 1349 multa
687 1287 1065 1367 gratiarum
1136 1286 1406 1350 actione
1468 1286 1850 1368 suscipiens
1916 1286 2266 1369 multaque

403 1384 612 1448 animi
652 1384 986 1450 modestia
1025 1392 1518 1467 consequenter
1559 1384 1645 1449 ad
1679 1384 1956 1466 singula
1985 1404 2265 1467 respon-

403 1482 542 1562 dit;
596 1483 671 1547 in
710 1484 946 1567 primis
978 1504 1314 1561 asserens,
1354 1492 1644 1549 mentem
1670 1503 1864 1548 suam
1894 1503 1938 1548 a
1961 1485 2159 1548 vobis
2187 1504 2263 1549 se

405 1582 793 1647 nullatenus
821 1585 1177 1661 avertisse,
1210 1604 1336 1648 nec
1370 1582 1440 1648 id
1476 1602 1775 1666 unquam
1818 1584 2066 1647 mentis
2100 1603 2260 1666 pro-

403 1682 626 1762 posito
654 1684 1070 1766 concepisse,
1105 1684 1296 1766 quin,
1325 1682 1486 1746 dum
1527 1690 1884 1764 paternam
1925 1683 2057 1746 sibi
2098 1702 2259 1762 gra-

404 1780 569 1844 tiam
616 1781 1085 1861 exhibueritiS,
1117 1802 1242 1848 vos
1274 1789 1355 1845 ut
1389 1788 1652 1864 patrem
1687 1781 1932 1864 diligat
1960 1789 2032 1846 et
2057 1801 2258 1845 sanc-

404 1887 546 1943 tam
606 1880 992 1946 Romanam
1051 1882 1406 1947 ecclesiam
1459 1888 1819 1946 veneretur
1878 1887 1950 1945 et
2005 1880 2260 1958 foveat,

403 1987 475 2044 et
500 1980 714 2044 sacris
742 1981 1167 2064 jussionibus
1197 1981 1470 2057 vestris,
1497 1980 1694 2045 salva
1720 1980 1852 2043 sibi
1881 1998 2007 2043 sua
2036 1981 2260 2062 regni·

405 2098 541 2160 que
598 2080 706 2143 sui
746 2080 1103 2162 dignitate,
1145 2080 1488 2144 humiliter
1523 2079 1944 2161 obtemperet
1990 2086 2062 2142 et
2101 2080 2261 2144 obe·

403 2177 599 2257 diat;
667 2179 849 2261 quod
896 2179 956 2243 si
992 2200 1116 2245 vos
1149 2180 1297 2264 jam
1347 2178 1747 2262 aliquandiu
1787 2198 1925 2242 non
1963 2179 2267 2259 respexit

406 2277 613 2341 solita
661 2280 1065 2357 reverentia,
1100 2280 1276 2345 hanc
1314 2278 1518 2363 hujus
1562 2278 1661 2342 rei
1696 2295 1974 2341 causam
2020 2278 2268 2341 asserit

404 2395 575 2452 esse,
611 2378 812 2460 quod,
867 2398 1021 2443 cum
1050 2379 1245 2444 vobis
1282 2379 1357 2442 in
1396 2377 1807 2441 necessitate
1845 2383 1995 2440 toto
2040 2376 2266 2453 corde,

401 2483 552 2540 tota
592 2484 839 2555 mente,
879 2478 1044 2542 totis
1081 2479 1338 2544 viribus
1378 2476 1746 2552 adstiterit,
1785 2476 1916 2540 sibi
1960 2482 2266 2557 postmo-

398 2575 557 2638 dum
589 2576 663 2639 in
691 2578 1095 2644 necessitate
1129 2597 1252 2661 per
1291 2577 1572 2641 nuntios
1611 2574 1987 2639 recurrenti
2023 2574 2112 2637 ad
2141 2594 2266 2639 vos

396 2673 603 2755 digne
634 2695 758 2758 pro
786 2677 1048 2742 meritis
1076 2684 1309 2742 vestra
1339 2676 1672 2740 sanctitas
1701 2694 1840 2739 non
1887 2673 2263 2755 respondit,

395 2774 514 2838 sed
548 2774 620 2838 in
648 2776 833 2839 omni
874 2776 1015 2841 fere
1053 2777 1381 2860 petitione
1407 2795 1535 2840 sua
1566 2794 1641 2839 se
1671 2774 2012 2857 repulsam
2045 2773 2256 2837 susti·

393 2872 624 2937 nuisse
654 2875 1090 2958 conqueritur
1108 2883 1179 2940 et
1207 2876 1566 2940 erubescit.
1652 2874 1762 2938 De
1794 2881 2079 2958 paterna
2098 2891 2261 2935 con-

396 2974 562 3038 fisus
605 2975 853 3056 gratia,
890 2995 1046 3057 quae
1074 2976 1310 3052 filium,
1340 2995 1493 3039 cum
1521 2974 1734 3051 volet,
1769 2973 2076 3048 exaudit,
2107 2972 2259 3035 vul·

397 3081 511 3136 tus
551 3092 834 3154 sperans
861 3083 932 3139 et
958 3083 1366 3158 exspectans
1394 3073 1716 3149 laetiores,
1748 3073 1822 3135 in
1853 3073 2038 3136 beati
2072 3071 2262 3135 Petri

397 3178 469 3235 et
499 3179 751 3251 vestra,
777 3180 856 3237 ut
886 3174 1141 3238 dictum
1186 3182 1315 3251 est,
1357 3173 1686 3238 fidelitate
1726 3171 2056 3236 immobili
2098 3190 2262 3234 con·

395 3272 656 3336 stantia
688 3282 1117 3354 perseverat3
1167 3273 1234 3337 id
1264 3281 1390 3348 est,
1425 3273 1611 3355 quod
1640 3271 2081 3336 sanctitatem
2113 3289 2266 3333 ves-

398 3379 575 3435 tram
607 3371 888 3436 visitare
930 3372 1270 3437 volentem
1302 3371 1561 3435 nullum
1596 3389 1881 3453 prorsus
1914 3368 2264 3452 impediet,

393 3469 515 3533 sed
548 3488 697 3546 nec,
732 3478 810 3535 ut
840 3471 1108 3546 asserit,
1148 3470 1476 3534 hactenus
1514 3470 1893 3551 impedivit.
1984 3462 2105 3533 ¹In
2140 3487 2264 3549 ap·

390 3567 902 3650 pellationibus,
928 3589 1013 3633 ex
1056 3570 1339 3651 antiqua
1373 3568 1566 3650 regni
1600 3569 1707 3632 sui
1752 3566 2262 3641 consuetudine,

388 3667 457 3731 id
498 3667 632 3731 sibi
670 3667 744 3732 in
790 3669 890 3732 eis
927 3668 1246 3733 vendicat
1293 3676 1363 3733 et
1403 3666 1704 3744 honoris,
1743 3674 1826 3731 ut
1861 3667 1948 3731 ob
1994 3664 2261 3729 civilem

387 3784 670 3831 causam
728 3766 959 3831 nullus
1017 3767 1416 3831 clericorum
1475 3766 1670 3849 regni
1728 3765 1862 3842 sui,
1913 3765 2046 3828 nisi
2090 3765 2262 3828 fines

387 3872 594 3929 exeat
619 3885 709 3929 an
738 3867 953 3949 ipsius
985 3867 1390 3931 auctoritate
1432 3873 1504 3930 et
1539 3866 1866 3930 mandato
1906 3864 2024 3949 jus
2063 3882 2263 3929 suum

386 3965 694 4029 obtinere
724 3972 935 4048 queat
961 3968 1149 4049 prius
1176 3965 1591 4049 experiendo
1620 3970 1997 4048 cognoscat
2025 3983 2043 4042 3
2079 3961 2262 4046 quod

388 4063 450 4126 si
481 4083 607 4129 nec
650 4065 751 4128 sic
787 4066 1180 4142 obtinuerit,
1222 4064 1700 4130 excellentiam
1744 4070 2073 4139 vestram,
2113 4062 2264 4143 ipso

461 4256 556 4306 ¹12·
575 4252 1018 4325 appellatiombusq
1051 4258 1158 4307 The
1195 4273 1300 4307 cor·
1349 4257 1520 4307 nullus
1552 4257 1846 4308 clericorum
1867 4254 2008 4316 regni
2031 4252 2113 4302 sui
2133 4253 2269 4314 ejus·

389 4333 508 4389 rupt
530 4342 743 4390 passage
763 4328 1017 4389 following
1039 4327 1219 4376 should
1241 4328 1301 4376 be
1350 4327 1463 4375 dem
1502 4327 1644 4389 reg-ni
1690 4326 1813 4374 fines
1856 4328 2022 4382 exeat,
2056 4322 2152 4368 nisi
2198 4333 2265 4366 an

390 4398 513 4446 read
551 4397 705 4457 thus;
749 4397 845 4445 ‘In
877 4397 1303 4479 appellationibus
1351 4397 1512 4457 ipsius
1535 4396 1830 4444 auctoritate
1852 4398 1903 4441 et
1923 4391 2155 4439 mandato
2178 4390 2267 4448 jus

393 4482 460 4516 ex
504 4468 710 4530 antiqua
750 4468 893 4529 reg-ni
940 4467 1021 4516 sui
1067 4467 1306 4515 constitu·
1354 4480 1500 4514 suum
1522 4466 1746 4514 obtinere
1768 4467 1939 4523 queat,
1967 4455 2270 4518 experiendo

393 4538 528 4584 tione
560 4538 612 4584 id
648 4553 691 4585 si
676 4538 743 4585 bi
775 4537 996 4585 vindicat
1028 4536 1225 4585 honoris
1256 4541 1308 4583 et
1354 4529 1666 4598 οοειιοεοιιῐξ
1700 4535 1830 4582 inter
1849 4546 1969 4594 epp.
1991 4543 2044 4589 Ρ.
2067 4531 2149 4575 60.

394 4607 581 4668 oneris,
634 4611 692 4656 ut
742 4607 805 4655 ob
859 4607 1057 4655 civilem
1102 4619 1306 4654 causam
