3457 5887
966 868 1241 916 nonas
1292 868 1830 918 ms‘romsnuu.
2199 852 2329 917 437

447 1034 626 1094 cata.
660 1025 747 1090 de
804 1031 1149 1108 potestate
1195 1024 1568 1089 infidelium
1621 1024 1964 1089 liberetur.
2072 1018 2328 1092 ¹Acce-
2352 1044 2465 1087 sn.
2489 1045 2599 1086 uso.

448 1126 551 1190 dit
589 1126 795 1190 etiam
842 1123 928 1188 ad
977 1123 1324 1188 cumulum
1377 1124 1763 1206 iniquitatis
1819 1143 1901 1189 ac
1960 1123 2327 1191 desolatio-

451 1245 601 1289 nem
637 1224 1179 1289 Christianitatis
1221 1222 1678 1300 familiaritas,
1724 1242 1882 1305 quae
1921 1224 2109 1306 viget
2149 1226 2329 1291 inter

448 1323 894 1389 Salaadinum
955 1329 1026 1387 et
1080 1323 1561 1405 imperatorem
1614 1320 2328 1406 Constantinopolita-

449 1444 638 1501 num,
682 1424 792 1487 cui
831 1421 1113 1487 tradidit
1153 1420 1334 1485 idem
1371 1420 1783 1485 Salaadinus
1827 1441 2065 1487 omnes
2108 1424 2325 1488 eccle-

449 1525 587 1588 sias
637 1529 836 1586 terrae
878 1521 1370 1605 promissionis,
1422 1527 1501 1585 ut
1548 1522 1622 1584 in
1672 1521 1773 1586 eis
1818 1522 2160 1587 serviatur
2200 1542 2325 1605 per

446 1641 608 1687 suos
637 1620 1006 1686 secundum
1041 1620 1247 1685 ritum
1274 1618 1693 1685 Graecorum.
1797 1619 2092 1704 Insuper
2110 1621 2319 1687 etiam

447 1729 518 1785 et
548 1719 725 1785 idem
765 1720 1175 1784 Salaadinus
1219 1720 1406 1784 misit
1442 1718 1697 1783 idolum
1737 1739 1934 1783 suum
1976 1720 2315 1785 Constan-

447 1819 804 1903 tinopolim
863 1820 1298 1904 imperatoris
1363 1837 1669 1894 assensu,
1735 1825 1841 1909 ut·
1883 1819 1979 1882 ibi
2042 1819 2313 1903 publice

447 1920 806 1997 coleretur,
862 1918 980 1982 sed
1041 1937 1166 2001 per
1220 1918 1514 2000 gratiam
1574 1917 1708 1982 Dei
1771 1923 2048 1999 captum
2096 1925 2203 1983 est
2239 1920 2311 1983 in

445 2019 618 2083 mari
665 2037 710 2082 a
740 2017 787 2082 J
793 2019 1209 2083 anuensibus
1267 2023 1339 2080 et
1394 2036 1550 2080 cum
1597 2017 1753 2099 ipsa
1810 2015 1971 2080 navi
2025 2016 2314 2099 perduc-

447 2126 593 2183 tum
647 2125 754 2182 est
812 2117 1098 2201 Tyrum.
1204 2115 1446 2198 Nuper
1503 2116 1711 2180 etiam
1762 2114 2105 2179 exercitus
2150 2135 2313 2180 con-

442 2226 746 2283 structus
794 2225 901 2282 est
939 2223 1101 2282 ante
1141 2216 1377 2280 urbem
1406 2211 1794 2279 Antiochiae
1832 2222 1904 2279 et
1943 2214 2318 2297 imperator

444 2318 756 2400 promisit
816 2323 1091 2381 centum
1143 2314 1404 2398 galeias
1465 2313 1878 2393 Salaadin03
1940 2332 2022 2377 ac
2071 2311 2314 2379 Salaa‘-

446 2417 646 2482 dinus
677 2416 867 2481 dedit
895 2417 960 2480 ei
994 2422 1212 2480 totam
1259 2420 1511 2478 terram
1552 2413 2048 2496 promissionis,
2090 2413 2194 2477 ita
2235 2421 2318 2478 ut

443 2517 772 2600 impediat
822 2516 1007 2580 viam
1066 2513 1486 2579 Francorum
1535 2512 1623 2577 ad
1667 2531 2064 2577 succursum
2112 2519 2315 2577 terree

444 2623 747 2696 sanctae3
807 2634 932 2704 uec
980 2620 1088 2679 est
1126 2613 1376 2695 aliquis
1409 2611 1592 2696 apud
1626 2611 2318 2694 Constantinopolim,

446 2717 564 2798 qui
620 2734 889 2780 crucem
933 2714 1250 2796 accipiat,
1291 2712 1460 2796 quin
1502 2712 1737 2776 statim
1770 2711 2084 2794 capiatur
2132 2718 2204 2775 et
2245 2712 2320 2775 in

446 2835 785 2881 carcerem
808 2812 1232 2879 detrudatur.
1326 2811 1484 2876 Hoc
1513 2819 1743 2876 autem
1776 2811 1972 2875 nobis
1998 2809 2321 2874 solatium

448 2923 572 2994 est,
635 2915 816 3000 quod
876 2932 1095 2997 nuper
1145 2912 1359 2977 frater
1404 2910 1756 2976 Salaadini
1804 2915 1876 2974 et
1932 2908 2116 2974 filius
2170 2909 2322 2995 ejus

448 3024 609 3082 ante
636 3014 1069 3081 Antiochiam
1118 3013 1306 3097 capti
1348 3018 1512 3076 sunt
1553 3018 1625 3075 et
1673 3010 1802 3075 sub
1846 3009 2045 3074 salva
2091 3015 2323 3074 custo-

449 3117 562 3181 dia
594 3101 928 3200 deputati.
1015 3106 1351 3177 'Valete.’

504 3285 734 3369 Quibus
764 3286 840 3352 de
871 3286 1073 3352 causis
1104 3305 1289 3350 eomes
1314 3282 1673 3350 Riehardus
1698 3282 2299 3368 afidelitatepairis

1171 3384 1273 3450 sui
1303 3384 1629 3449 recesserit.

548 3511 807 3577 Eodem
821 3504 845 3542 ⁸
908 3528 1091 3575 anno
1148 3516 1305 3592 post
1355 3507 1761 3572 Paschalem
1821 3505 2322 3569 solemnitatem
2344 3527 2599 3618 m

451 3612 554 3676 bis
617 3613 798 3676 inter
849 3628 1046 3691 reges
1102 3607 1412 3673 habitum
1479 3613 1585 3670 est
1636 3604 2054 3687 colloquium
2108 3622 2322 3686 prope
2344 3628 2641 3717 Qum

443 3706 1241 3787 Fen-itatem-Bernardn
1293 3706 1413 3771 sed
1451 3706 1541 3770 ad
1582 3704 1923 3780 ultimum,
1962 3705 2034 3768 in
2068 3701 2320 3766 hebdo-
2344 3687 2641 3767 ωιωηῗῖἔι.

448 3810 652 3874 mada
709 3809 1156 3874 Pentecostes
1214 3806 1463 3870 ibidem
1521 3803 2028 3879 convenientes,
2083 3806 2321 3884 postu·
2344 3776 2587 3818 'm'

445 3909 618 3975 lavit
681 3928 807 3973 rex
877 3907 1300 3971 Francorum
1361 3903 1668 3970 Alesiam
1732 3919 2033 3966 sororem
2099 3919 2322 3977 suam,

447 4028 654 4093 quam
700 4027 828 4073 rex
860 4004 1139 4088 Angliae
1187 4002 1429 4068 babuit
1466 4003 1596 4066 sub
1635 3999 1952 4065 custodia
1993 4017 2147 4076 sua,
2194 3997 2317 4063 do·

449 4108 599 4173 nari
660 4105 1011 4172 Richardo
1071 4103 1305 4168 comiti
1372 4103 1445 4166 in
1502 4117 1813 4177 uxorem,
1873 4105 1945 4163 et
2017 4098 2321 4180 aliquam

449 4209 884 4272 securitatem
929 4205 1061 4269 sibi
1111 4202 1257 4267 fieri
1310 4201 1398 4266 de
1443 4220 1657 4283 regno
1687 4197 1967 4280 Angliae
2009 4204 2169 4280 post
2201 4194 2320 4259 de-

519 4390 534 4421 ¹
549 4390 794 4454 Amaia]
826 4389 981 4438 What
991 4387 1188 4437 follows
1209 4385 1253 4434 is
1273 4389 1360 4433 not
1479 4379 1502 4410 ²
1524 4380 1739 4444 valeta]
1770 4380 1877 4427 The
1898 4378 2044 4427 letter
2065 4376 2119 4424 in
2138 4376 2323 4426 Diceto

445 4466 498 4514 in
541 4463 743 4522 Diceto,
776 4461 870 4508 but
903 4471 1080 4520 agrees
1115 4454 1240 4505 with
1273 4452 1357 4502 the
1409 4450 1617 4501 lsdated
1641 4450 1794 4512 Tyre,
1818 4452 1878 4496 12
1899 4445 2004 4496 kal.
2027 4444 2145 4497 Oct.

445 4548 576 4596 copy
607 4530 667 4581 of
694 4529 779 4579 the
809 4528 956 4577 letter
987 4527 1135 4589 given
1166 4525 1234 4587 by
1258 4524 1357 4574 Ba·
1475 4518 1686 4568 'Eodem
1698 4517 1865 4581 mo]
1887 4515 2324 4577 niceto,col.eu;

443 4604 632 4664 tonius,
652 4600 719 4651 ad
739 4614 822 4650 an.
849 4600 1008 4657 11873
1033 4593 1128 4661 §2
1411 4589 1672 4644 Hoveden.
1691 4603 1744 4649 p.
1766 4591 1890 4648 6523
1933 4585 2193 4637 Benedict.
2215 4585 2323 4634 Ab·

855 4673 863 4680 ·
1406 4661 1515 4722 bas,
1537 4674 1587 4720 p.
1611 4661 1724 4707 541.
