3457 5887
1261 819 1389 884 122
1756 832 2023 881 uocum
2069 832 2165 879 m:
2210 830 2622 880 wannovim

945 1013 1057 1053 A».
1075 1014 1186 1053 nm
1261 991 1692 1075 campestria,
1754 1007 1908 1072 quae
1975 1008 2019 1051 a
2075 987 2359 1052 civitate
2420 986 2680 1050 distare
2730 984 3124 1050 videbantur

944 1064 1237 1154 {tem-2
1262 1093 1460 1175 quasi
1498 1089 1901 1154 milliaribus
1945 1088 2233 1159 duobus.
2263 1094 2334 1150 et
2363 1087 2796 1150 monentibus
2833 1085 3020 1148 lituis
3048 1105 3127 1149 ac

1263 1193 1473 1268 tubis,
1526 1189 1967 1269 buccinisque
2020 1186 2630 1268 perstrepentibus»,
2675 1183 3013 1265 gradatim
3061 1187 3131 1248 in

1263 1292 1497 1355 hostes
1550 1287 1953 1372 procedunt,
2003 1293 2098 1362 et,
2148 1285 2332 1349 facto
2384 1286 2668 1367 impetu,
2708 1292 2849 1347 tres
2903 1285 3132 1365 primae

1264 1391 1448 1455 acies
1483 1391 1556 1452 in
1606 1407 1724 1452 eos
1771 1392 2090 1469 potenter
2135 1385 2431 1461 irruunt,
2478 1383 2738 1448 lanceis
2782 1389 2853 1445 et
2895 1383 3135 1464 gladiis

1265 1491 1574 1554 cominus
1634 1489 2033 1564 instantes3
2101 1485 2224 1548 sed
2284 1495 2356 1548 et
2412 1484 2631 1547 nostri
2685 1482 2976 1564 pedites,
3023 1484 3137 1564 qui

1267 1590 1561 1654 arcubus
1595 1587 1962 1652 utebantur
1987 1592 2056 1648 et
2089 1583 2383 1660 balistis,
2411 1584 2719 1666 equitum
2757 1582 3138 1665 manipulos

1266 1687 1755 1771 praecedentes,
1796 1683 2091 1767 [hostes]
2126 1702 2357 1747 arcere
2399 1682 2789 1757 studebant,
2822 1700 2999 1763 quos
3042 1701 3142 1745 se-

1268 1794 1555 1870 quentes
1603 1786 1909 1868 equitum
1952 1792 2199 1846 turmae
2235 1782 2522 1845 viriliter
2556 1783 2628 1844 in
2678 1800 2903 1862 agone
2944 1780 3138 1844 desu-

1268 1885 1458 1950 dant.
1536 1884 1845 1948 Tandem
1878 1901 2031 1947 cum
2066 1902 2304 1947 omnes
2331 1881 2664 1964 legiones,
2687 1887 2986 1962 excepta
3022 1899 3139 1944 no-

1268 1985 1573 2060 vissima,
1621 1984 1733 2047 cui
1783 1989 2079 2065 praeerat
2121 1981 2585 2057 Boamundus‚
2627 1999 2782 2044 cum
2831 1979 3139 2043 hostibus

1269 2084 1540 2148 fortiter
1568 2083 2022 2158 decertarent,
2048 2081 2151 2145 ita
2183 2088 2281 2158 ut,
2303 2080 2451 2164 jam
2486 2080 2794 2162 pluribus
2820 2079 3134 2142 interfec-

1271 2183 1385 2260 tia,
1433 2202 1629 2265 paene
1678 2181 2067 2263 agminibus
2122 2180 2473 2244 dissolutis
2519 2179 2728 2242 Turci
2780 2180 2854 2242 in
2909 2178 3136 2260 fugam

1272 2289 1724 2359 verterentur,
1759 2300 1917 2345 ecce
1950 2280 2409 2355 SolimannuS,
2453 2297 2608 2342 cum
2644 2278 2914 2342 duobus
2947 2278 3139 2341 milli-

1273 2383 1404 2445 bus
1439 2402 1529 2446 ex
1567 2382 1738 2446 locis
1768 2378 2124 2443 maritimis
2170 2379 2563 2455 adveniens,
2595 2379 2668 2440 in
2710 2379 2929 2441 aciem
2967 2378 3140 2441 Boa-

1273 2481 1508 2545 mundi
1551 2500 1707 2545 cum
1751 2479 1968 2543 multo
2014 2479 2272 2560 impetu
2302 2496 2347 2541 a
2379 2484 2573 2558 tergo
2613 2477 2840 2554 irruit,
2880 2485 2954 2540 et
2994 2486 3138 2540 tan·

1275 2588 1416 2643 tam
1451 2581 1861 2662 sagittarum
1893 2577 2292 2660 grandinem
2318 2577 2619 2654 immisit,
2645 2583 2722 2640 ut
2754 2584 2975 2640 totam
3008 2577 3138 2640 fere

1277 2681 1491 2744 aciem
1545 2679 1888 2762 operiret;
1939 2695 2262 2759 moxque,
2305 2678 2599 2740 arcubus
2645 2676 2929 2753 relictis,
2978 2676 3140 2738 mal-

1274 2778 1401 2843 leis
1438 2779 1702 2843 instant
1740 2784 1811 2841 et
1844 2775 2092 2858 gladiis
2119 2776 2222 2841 ita
2264 2776 2603 2852 ardenter,
2635 2782 2737 2852 ut,
2771 2795 2928 2839 cum
2967 2775 3142 2839 Boa-

1274 2878 1569 2942 mundus
1637 2896 1870 2941 eorum
1933 2876 2047 2940 vix
2129 2876 2456 2958 impetum
2534 2877 2928 2953 sustineret,
3007 2876 3139 2938 dux

1276 2977 1693 3043 Godefridus
1772 2984 1843 3041 et
1923 2996 2076 3039 cum
2156 2995 2239 3039 eo
2310 2974 2711 3039 Tancredus
2791 2975 3142 3051 advolant,

1275 3097 1564 3160 quorum
1614 3077 1952 3143 adventus
1985 3082 2056 3139 et
2098 3074 2498 3139 admiranda
2536 3075 2873 3139 instantia
2915 3094 3144 3139 necem

1276 3176 1588 3242 hostibus
1650 3184 1722 3241 et
1765 3175 2054 3240 vulnera
2104 3174 2373 3239 letifera
2423 3175 2821 3239 intulerunt.
2955 3175 3146 3238 Tunc

1277 3276 1738 3352 Solimanuus‚
1794 3275 1882 3339 ad
1938 3275 2076 3338 alia
2135 3293 2210 3338 se
2257 3282 2662 3339 convertens
2717 3283 3145 3355 argumenta,

1276 3376 1539 3441 foenum
1595 3374 1889 3438 multum
1924 3383 1994 3438 et
2032 3373 2381 3456 stipulam,
2425 3392 2580 3457 quae
2623 3373 2711 3437 ad
2763 3381 2986 3437 artem
3032 3392 3147 3436 no·

1277 3475 1474 3538 cendi
1509 3494 1597 3538 ex
1633 3474 1921 3537 adverso
1955 3482 2519 3556 congregaverat,
2543 3473 2754 3556 jussit
2786 3473 3146 3550 suooendi3

1279 3581 1373 3650 et,
1404 3574 1566 3637 licet
1598 3572 1942 3635 flammam
1974 3572 2218 3636 darent
2252 3572 2614 3651 modicam,
2641 3579 2890 3635 tetram
2923 3580 3149 3636 tamen

1279 3679 1490 3756 atque
1521 3672 1803 3735 densam
1845 3671 2014 3735 fumi
2062 3671 2422 3752 caliginem
2465 3673 2963 3735 ministrarunt.
3069 3671 3154 3735 Iu

1280 3771 1411 3835 hac
1474 3790 1746 3855 quoque
1803 3770 1970 3834 fumi
2024 3772 2316 3853 caligine
2376 3772 2608 3835 hostes
2667 3771 2753 3834 de
2810 3770 3152 3853 peditibus

1281 3873 1535 3936 nostris
1597 3870 1995 3934 occiderunt
2050 3870 2439 3947 nonnullos,
2492 3871 2612 3934 sed
2664 3870 2942 3933 tandem
2987 3890 3154 3935 ven-

1282 3979 1506 4036 torum
1552 3970 1942 4034 moderator
1991 3968 2208 4047 Deus,
2250 3978 2534 4034 ventum
2575 3972 2650 4033 in
2696 3987 3008 4053 paganos
3051 3990 3156 4033 re·

1281 4079 1633 4154 torquens,
1681 4070 2061 4135 excaecavit
2111 4088 2230 4134 eos
2280 4070 2365 4134 de
2414 4069 2600 4134 fumo
2650 4069 2795 4146 illo,
2847 4069 3033 4132 unde
3083 4070 3152 4132 in

1279 4171 1517 4253 sugam
1563 4169 1952 4253 praecipites
1991 4176 2155 4233 sunt
2189 4170 2540 4248 conversi3
2588 4187 2760 4251 quos
2809 4169 3156 4251 principes

1279 4271 1544 4334 militiae
1591 4268 1850 4333 Christi
1900 4269 2148 4332 acriter
2202 4270 2661 4351 insequenteS‚
2710 4268 2798 4332 ad
2846 4287 2977 4331 sua
3033 4288 3159 4351 ag-

1279 4370 1465 4432 mina
1527 4369 1718 4451 prius
1785 4367 2120 4432 dissoluta
2168 4369 2506 4433 violenter
2559 4386 2907 4431 recurrere
2970 4387 3157 4432 com-

1278 4467 1622 4549 pulerunt,
1656 4468 1997 4531 caedentes
2036 4486 2155 4532 eos
2194 4468 2457 4550 absque
2506 4467 2765 4550 pietate
2803 4487 3026 4550 usque
3070 4468 3157 4531 ad

1277 4585 1509 4630 eorum
1562 4566 1885 4643 tentoria,
1944 4566 2060 4629 ubi
2107 4567 2435 4650 majorem
2490 4586 2768 4631 suorum
2816 4566 3162 4631 fortitudi-
