3457 5887
854 872 1127 921 FLORES
1175 872 1706 923 msroauauu.
2084 860 2212 924 179

335 1046 485 1091 ram
517 1047 561 1092 a
587 1047 752 1111 rege
779 1031 1060 1115 suisque
1090 1032 1530 1114 principibus,
1558 1039 1631 1096 et
1658 1051 1703 1095 a
1735 1032 1955 1095 classe
1983 1031 2030 1096 J
2036 1051 2206 1097 anu·
2231 1050 2339 1092 Ab.
2358 1052 2469 1093 nu.

336 1129 487 1191 ensi
548 1132 976 1214 navibusque
1034 1132 1371 1210 rostratis,
1430 1149 1606 1214 quas
1653 1131 1917 1214 galeias
1966 1133 2203 1216 appel-

335 1226 511 1304 lant,
553 1247 677 1311 per
712 1250 923 1308 mare,
954 1231 1307 1296 introitum
1343 1231 1606 1295 civibus
1648 1238 1719 1294 et
1763 1232 2027 1295 exitum
2080 1251 2201 1296 au-

333 1325 685 1408 ferebant;
719 1330 1049 1394 machinis
1079 1331 1357 1395 tandem
1385 1331 1913 1413 circumpositis,
1946 1332 2201 1396 crebris

334 1427 737 1507 assultibus,
763 1439 907 1493 tam
937 1448 983 1494 a
1013 1448 1177 1512 rege
1205 1449 1328 1512 per
1355 1437 1630 1507 terram,
1658 1445 1867 1513 quam
1903 1449 1949 1495 a
1982 1430 2202 1496 classe

329 1545 460 1608 per
501 1546 689 1591 oram
748 1529 1181 1607 maritimam,
1224 1529 1477 1593 multos
1533 1548 1621 1592 ex
1673 1529 1940 1593 civibus
1991 1532 2203 1594 variis

331 1627 695 1691 eventibus
741 1636 1211 1710 peremerunt3
1260 1647 1553 1712 cumque
1594 1647 1719 1711 per
1759 1629 1907 1693 dies
1957 1629 2205 1711 viginti

328 1725 720 1805 continuoS,
769 1729 987 1792 nostri
1020 1727 1481 1811 oppugnando
1532 1728 1769 1812 illique
1827 1728 2113 1813 injurias
2158 1750 2202 1795 a

329 1842 412 1888 se
442 1825 927 1909 propulsando,
964 1826 1438 1905 desudassent,
1468 1826 1596 1891 hac
1629 1827 2017 1892 conditione
2054 1830 2202 1911 regi

327 1924 685 1989 civitatem
716 1926 1169 2004 tradiderunt,
1194 1933 1296 2005 ut,
1322 1928 1444 2010 qui
1477 1927 1707 2009 egredi
1739 1927 2018 2003 vellent,
2043 1946 2199 1991 cum

329 2025 668 2088 uxoribus
731 2032 803 2089 et
870 2026 1104 2090 liberis
1153 2033 1223 2090 et
1285 2026 1488 2089 rebus
1549 2026 1861 2091 omnibus
1911 2026 2198 2091 liberum

328 2121 672 2187 haberent
698 2125 984 2202 exitum,
1016 2131 1110 2203 et,
1142 2125 1262 2207 qui
1301 2126 1374 2189 in
1412 2123 1723 2189 domibus
1759 2143 2033 2190 manere
2074 2126 2198 2190 eli-

332 2229 605 2303 gerent,
635 2222 799 2287 data
826 2223 972 2307 regi
1003 2224 1291 2305 singulis
1334 2225 1534 2288 annis
1563 2225 1761 2288 bonis
1798 2224 2201 2289 conditioni·

335 2321 472 2385 bus
501 2323 813 2404 pecunia,
844 2324 971 2387 sub
1011 2323 1195 2387 illius
1237 2324 1664 2407 protectione
1703 2331 2059 2387 manerent
2100 2343 2207 2388 se-

331 2422 507 2484 curi.
610 2421 750 2487 Hic
800 2422 1093 2505 primum
1150 2442 1273 2507 per
1336 2440 1526 2487 mare
1574 2422 2054 2487 accedentibus
2114 2424 2202 2487 ad

331 2527 585 2584 terram
640 2530 948 2586 sanctam
994 2523 1221 2605 patuit
1265 2540 1511 2586 secura
1553 2521 2044 2605 tranquillitas,
2092 2521 2205 2586 lit-

328 2626 484 2684 tore
512 2622 599 2684 ab
618 2620 930 2686 hostibus
960 2622 1463 2705 aliquantulum
1495 2622 1842 2704 expedito.
1910 2615 2200 2686 ¹Eodem

328 2737 515 2784 anno
576 2719 1024 2786 Boamundus
1081 2728 1154 2786 et
1222 2721 1661 2785 Baldewinus
1719 2739 1970 2798 comes,
2043 2740 2198 2785 cum

329 2817 692 2885 Tancredo
736 2828 808 2885 et
851 2820 898 2885 J
903 2821 1169 2886 ocelino
1211 2839 1580 2904 eorumque
1621 2820 2004 2901 legionibus
2045 2822 2198 2885 uni·

325 2919 579 2997 versis,
637 2919 1059 3003 Euphratem
1116 2926 1573 2998 transeuntes,
1623 2918 1909 2984 Carram
1957 2920 2228 2986 civita-'

330 3025 503 3096 tem,
547 3019 634 3084 de
681 3039 821 3104 qua
867 3022 939 3084 in
988 3021 1200 3104 gestis
1243 3019 1545 3086 Abrahae
1599 3020 1875 3102 legitur,
1921 3020 2203 3085 obsede-

327 3125 550 3199 runt3
621 3118 807 3184 cives
877 3127 1106 3185 autem
1168 3120 1253 3184 de
1317 3120 1767 3184 subventione
1825 3118 2203 3185 diffidentes

324 3220 595 3283 nostris
635 3220 983 3284 civitatem
1023 3219 1437 3297 obtulerunt,
1477 3219 1622 3296 sed,
1663 3219 2060 3283 stimulante
2094 3221 2201 3283 in-

321 3317 547 3396 vidia,
592 3318 808 3383 effusa
849 3326 956 3384 est
994 3319 1342 3385 contentio
1383 3319 1564 3383 inter
1606 3317 2085 3382 Boamundum
2132 3326 2203 3383 et

324 3416 833 3497 Baldewinnm,
904 3418 1058 3502 quis
1132 3437 1365 3484 eorum
1424 3417 1658 3481 urbem
1734 3417 2071 3482 obtineret
2126 3419 2200 3482 in

324 3535 553 3595 suam,
600 3525 674 3582 et
715 3517 1099 3583 differentes
1128 3534 1346 3600 usque
1372 3536 1574 3581 mane
1612 3518 1850 3581 urbem
1895 3516 2195 3582 oblatam

324 3634 692 3700 occupare,
722 3618 938 3683 donec
969 3617 1054 3682 de
1083 3618 1204 3683 illa
1235 3617 1614 3701 quaestione
1640 3616 1889 3681 frivola
1929 3617 2195 3700 plenius

323 3715 810 3796 discuteretur,
869 3724 1238 3800 antequam
1303 3717 1449 3781 dies
1520 3716 1947 3781 illucesceret
2003 3723 2201 3781 tanta

325 3814 633 3881 hostium
673 3817 895 3882 adsuit
919 3817 1310 3895 multitudo,
1341 3824 1421 3881 ut
1450 3815 1669 3880 nostri
1697 3815 1785 3879 de
1814 3816 1961 3880 vita
1989 3817 2198 3880 etiam

323 3913 793 3999 desperarent.
895 3915 1317 3981 Patriarchae
1359 3923 1614 3993 autem,
1650 3916 1769 3998 qui
1811 3914 2197 3993 adfuerunt,

325 4016 561 4080 verbis
589 4016 1073 4082 exhortatoriis
1113 4017 1366 4081 nostris
1395 4016 1658 4080 animos
1690 4014 1940 4078 addere
1971 4015 2194 4079 nitun-

329 4121 463 4194 tur,
528 4115 647 4180 sed
711 4118 936 4199 gratia
983 4115 1293 4181 destituti
1343 4113 1578 4179 divina
1626 4133 1753 4179 nec
1800 4113 2024 4178 verbis
2074 4133 2199 4177 nec

329 4214 913 4281 admonitionibus
955 4216 1414 4301 adjuvantur3
1472 4233 1632 4279 nam
1681 4214 1914 4278 statim
1955 4214 2029 4277 in
2061 4213 2200 4297 pri-

327 4332 441 4379 mo
517 4315 840 4381 conflictu
898 4317 1116 4380 nostri
1181 4315 1634 4398 ignominiose
1709 4320 1908 4396 terga
1971 4319 2201 4377 osten-

327 4411 599 4493 dentes,
645 4423 1006 4499 castraqne
1050 4434 1205 4479 cum
1253 4414 1538 4480 sarcinis
1581 4413 1992 4490 deserentes,
2034 4412 2202 4493 fuga

329 4513 625 4578 salutem
659 4516 1077 4598 quaerebant,
1108 4534 1316 4599 quam
1350 4534 1487 4578 non
1520 4519 1842 4598 poterant
1873 4511 2200 4577 invenire.

788 4683 804 4715 ¹
829 4686 1006 4734 Eodem
1036 4678 1217 4753 anno]
1250 4684 1390 4734 Will.
1420 4682 1541 4746 Tyr.
1574 4686 1759 4744 2⁷92·
1905 4761 1935 4797 κ
1971 4752 2003 4797 ²
