3457 5887
1196 794 1325 858 164
1697 809 1962 858 uocum
2011 810 2103 856 nn
2148 808 2556 857 wmmovnn

878 979 1124 1071 ‘gt-3322·
1200 966 1390 1031 muni
1421 967 1707 1033 consilio
1739 968 2072 1031 baronum
2106 986 2406 1031 meorum
2440 968 2512 1032 in
2543 986 2750 1030 manu
2783 984 2935 1029 mea
2969 964 3070 1028 ita

883 1081 1027 1130 uem
1041 1081 1077 1121 1-
1202 1068 1477 1144 retinui,
1510 1067 1690 1132 sicut
1733 1075 1931 1149 pater
1971 1086 2162 1130 meus
2202 1085 2320 1130 eas
2367 1067 2631 1131 habuit.
2711 1065 3071 1140 Militibus,

1205 1167 1322 1249 qui
1359 1160 1508 1251 ¹per
1534 1167 1782 1231 loricas
1813 1174 2030 1231 terras
2059 1185 2222 1229 suas
2256 1165 2653 1244 defendunt,
2697 1174 2914 1230 terras
2948 1165 3068 1228 do-

1202 1266 1599 1330 minicarum
1647 1285 2049 1331 carucarum
2098 1285 2377 1329 suasum
2424 1266 2696 1348 quietas
2735 1266 2822 1328 ab
2856 1265 3072 1328 omni·

1202 1366 1329 1428 bus
1378 1365 1595 1447 geldis
1642 1373 1712 1430 et
1763 1367 1946 1430 omni
1989 1365 2264 1448 proprio
2324 1365 2503 1430 dono
2544 1385 2698 1429 meo
2752 1364 3070 1440 concedo,

1203 1472 1284 1528 ut
1336 1465 1515 1529 sicut
1574 1473 1715 1528 tam
1779 1484 2029 1548 magno
2083 1466 2482 1546 gravamine
2530 1464 2839 1529 alleviati
2889 1471 3069 1540 sunt,

1202 1556 1312 1627 in¹
1355 1564 1549 1646 equis
1593 1571 1663 1629 et
1713 1565 1921 1629 armis
1955 1566 2128 1628 bene
2171 1583 2246 1628 se
2282 1564 2650 1640 instruant,
2689 1571 2770 1627 ut
2812 1565 2958 1644 apti
3004 1571 3070 1627 et

1204 1664 1428 1745 parati
1481 1664 1621 1727 sint
1686 1664 1773 1728 ad
1829 1663 2185 1728 servitium
2232 1683 2458 1727 meum
2506 1671 2578 1727 et
2618 1663 2706 1727 ad
2746 1663 3073 1726 defensio-

1204 1782 1357 1827 nem
1409 1762 1601 1845 regni
1650 1763 1806 1827 mei.
1910 1762 2163 1826 Pacem
2226 1762 2488 1826 firmam
2546 1782 2729 1846 pono
2790 1762 2864 1825 in
2926 1769 3069 1825 toto

1203 1882 1416 1944 regno
1465 1882 1636 1942 meo,
1687 1870 1759 1927 et
1803 1862 2020 1926 teneri
2063 1862 2311 1927 amodo
2360 1862 2706 1945 praecipio.
2812 1860 3069 1942 Lagam

1204 1961 1385 2042 regis
1447 1961 1766 2025 Edwardi
1826 1962 2021 2025 vobis
2072 1961 2303 2039 reddo,
2356 1981 2510 2025 cum
2565 1962 2704 2025 illis
2757 1961 3068 2025 emenda-

1206 2059 1529 2138 tionibuS,
1561 2063 1809 2143 quibus
1843 2069 2041 2144 pater
2071 2080 2263 2125 meus
2312 2080 2462 2124 eam
2496 2061 2884 2125 emendavit
2913 2081 3068 2124 con-

1204 2159 1359 2224 silio
1390 2161 1720 2224 baronum
1754 2181 2055 2225 suorum.
2158 2160 2233 2225 Si
2278 2162 2434 2242 quis
2469 2160 2724 2243 aliquid
2772 2161 2857 2224 de
2901 2180 3067 2232 meo.

1205 2258 1313 2321 vel
1346 2259 1431 2323 de
1466 2261 1668 2323 rebus
1698 2260 2018 2344 alicujuS,
2049 2268 2208 2343 post
2238 2261 2499 2324 obitum
2540 2261 2719 2341 regis
2747 2259 3070 2324 willelmi

1204 2357 1436 2422 fratris
1499 2360 1634 2422 mei
1695 2361 1903 2443 cepit,
1965 2366 2182 2424 totum
2240 2360 2380 2423 cito
2442 2359 2766 2423 reddatur
2819 2360 3072 2442 absque

1204 2458 1716 2538 emendatione3
1778 2466 1849 2523 et
1887 2459 1947 2522 si
1985 2459 2137 2541 quis
2187 2459 2344 2522 inde
2393 2459 2646 2542 aliquid
2694 2459 3069 2536 retinuerit,

1203 2556 1318 2621 ille
1378 2577 1584 2640 super
1645 2578 1848 2641 quem
1906 2559 2258 2622 inventum
2306 2557 2512 2622 fuerit
2560 2559 2861 2641 graviter
2905 2559 3065 2622 mihi

1205 2656 1635 2722 emendabit.’
1726 2657 1861 2722 His
1899 2658 2209 2730 testibus,
2231 2656 2596 2735 Mauricio,
2615 2657 3062 2722 Londoniensi

1204 2757 1548 2839 episcopo,
1578 2757 1951 2834 Willelmo,
1977 2757 2441 2822 Wintoniensi
2476 2757 2720 2836 electo,
2750 2756 3061 2834 Girardo,

1205 2854 1694 2920 Herefordensi
1739 2857 2083 2940 episcopo,
2134 2856 2437 2921 Henrico
2484 2858 2757 2935 comite,
2800 2856 3071 2922 Simone

1200 2957 1471 3033 comite,
1531 2957 1844 3022 Waltero
1921 2956 2186 3021 Giffard
2259 2958 2531 3036 comite,
2604 2957 2910 3022 Roberto
2993 2959 3072 3022 de

1202 3054 1667 3135 Monte-forti,
1747 3057 2023 3139 Rogero
2099 3057 2346 3139 Bigod,
2436 3066 2508 3122 et
2591 3057 2746 3120 aliis
2817 3058 3071 3123 multis.
3157 3074 3158 3077 ’

1204 3155 1439 3220 Factae
1487 3164 1649 3220 sunt
1699 3163 1806 3221 tot
1852 3156 2107 3220 charta>
2164 3164 2332 3238 quot
2380 3165 2543 3220 sunt
2595 3157 2964 3222 comitatus
3008 3159 3072 3221 in

1199 3252 1481 3337 Anglia‚
1513 3264 1608 3334 et,
1642 3275 1803 3338 rege
1835 3255 2147 3340 jubente,
2185 3257 2430 3338 positae
2477 3257 2550 3320 in
2591 3258 2887 3321 abbatiis
2935 3258 3071 3322 sin-

1199 3353 1516 3434 gulorum
1545 3355 1991 3420 comitatuum
2026 3356 2112 3418 ad
2147 3363 2675 3421 monumentum.

1327 3526 1425 3591 De
1452 3528 1655 3592 reditu
1683 3529 1989 3607 Αωεῖηιί,
2029 3529 2488 3595 cantuariensis
2515 3529 2982 3615 archiepiscopi,

1921 3630 1992 3692 in
2018 3629 2339 3715 Anqliam.

883 3781 1147 3823 neumam.
1300 3751 1458 3816 Rex
1496 3752 1733 3835 itaque
1770 3751 2115 3817 Henricus
2158 3754 2230 3818 in
2261 3774 2513 3836 regem,
2545 3762 2624 3819 ut
2654 3755 2914 3820 dictum
2947 3763 3074 3832 est,

878 3834 1125 3873 ‘'mmm‘'
1198 3858 1563 3915 coronatus
1608 3851 1799 3916 dedit
1831 3853 2298 3936 episcopatum
2332 3854 2880 3919 wintoniensem
2903 3855 3079 3919 Wil-

1197 3949 1401 4015 lelmo
1425 3950 1715 4028 Giffard,
1745 3959 1813 4016 et
1843 3952 2166 4017 continuo
2196 3954 2280 4017 de
2301 3955 2846 4036 possessionibus
2875 3974 3076 4019 cunc-

1197 4051 1288 4114 tis
1341 4050 1426 4113 ad
1493 4052 1964 4134 episcopatum
2029 4053 2523 4134 pertinentibus
2573 4053 2791 4131 illum,
2837 4061 3075 4118 contra

1197 4150 1358 4214 novi
1391 4158 1656 4215 statuta
1688 4152 1982 4230 concilii,
2008 4151 2092 4215 de
2130 4172 2290 4235 quo·
2315 4153 2629 4235 superius
2662 4154 3073 4218 mentionem

1196 4249 1499 4327 fecimuS,
1548 4250 1924 4316 investivit.
2018 4251 2310 4330 Deinde,
2374 4253 2458 4316 de
2516 4251 2804 4316 consilio
2863 4254 3074 4317 totius

1195 4346 1603 4430 Anglicanae
1632 4350 1962 4426 ecclesiae,
1986 4351 2175 4415 misit
2196 4351 2283 4416 ad
2314 4359 2549 4434 partes
2582 4352 3074 4416 transmarinas

1267 4520 1277 4549 ¹
1301 4524 1401 4572 Per
1442 4523 1656 4587 loricam]
1711 4524 2007 4574 Trunslated
2041 4526 2106 4587 by
2228 4522 2251 4556 ²
2269 4528 2327 4576 ln
2342 4527 2708 4592 equis.]‘1tase
2724 4524 2909 4589 equis?
2929 4528 3078 4577 Text.

1190 4594 1383 4655 Tyr-rell
1406 4592 1793 4654 ‘habergeous;’
1822 4595 1877 4643 ii.
1901 4610 1952 4655 p.
1972 4599 2083 4645 115.
2161 4596 2289 4646 Roff.
