3457 5887
1254 831 1343 896 98
1758 846 2022 895 nocam
2071 847 2165 894 nu
2208 846 2620 895 wmmovsa

940 1019 994 1058 Δ
998 1018 1052 1058 ¹>
1073 1018 1186 1058 ¹⁰⁰⁷-
1260 1002 1510 1068 vulnus
1542 1002 1681 1067 fere
1708 1001 2075 1079 letiferum,
2104 1004 2192 1067 ab
2217 1021 2380 1067 urso
2409 1002 2706 1085 quodam
2737 1001 2869 1066 sibi
2915 1000 3140 1064 inflic-

937 1068 1240 1160 fflffla·
1263 1110 1432 1168 tum.
1500 1102 1687 1167 Dum
1717 1102 1815 1166 ibi
1843 1103 2283 1179 constitutus,
2316 1103 2405 1166 ob
2438 1103 2736 1183 gratiam
2767 1101 3139 1165 recreatio-

1264 1201 1372 1266 nis
1423 1201 1669 1268 silvam
1704 1202 2051 1285 quandam
2098 1202 2474 1284 ingressus,
2523 1220 2897 1284 pauperem
2942 1220 3142 1282 pere-

1265 1302 1534 1383 grinum
1559 1301 1824 1367 invenit
1848 1301 2041 1384 ligna
2067 1301 2263 1365 arida
2291 1307 2877 1383 comportantem·
2859 1347 2879 1378 ,
2934 1319 3140 1382 quem

1264 1419 1467 1465 ursus
1497 1400 1741 1482 ingens
1770 1408 1841 1465 et
1871 1400 2190 1465 horrendi
2219 1401 2524 1482 corporis
2553 1399 2933 1481 fugientem
2963 1399 3144 1461 inse-

1267 1518 1483 1583 quens
1506 1508 1600 1565 -ut
1641 1500 2028 1577 devoraret,
2063 1500 2442 1583 periculum
2481 1499 2845 1563 imminens
2877 1516 3145 1581 pauper

1266 1597 1561 1664 clamore
1611 1606 1950 1679 testatnr;
2012 1599 2158 1663 dux
2200 1619 2387 1676 vero,
2428 1618 2796 1682 pauperem
2835 1596 3140 1662 claman-

1268 1707 1407 1764 tem
1439 1697 1868 1782 conspiciens
1906 1705 1979 1763 et
2012 1698 2252 1782 rapido
2287 1718 2489 1762 cursu
2525 1698 2927 1780 fugientem,
2960 1716 3141 1761 com·

1269 1799 1531 1880 patitur
1593 1798 1956 1880 peregrino
2004 1798 2155 1882 jam
2210 1817 2255 1862 a
2315 1798 2546 1862 bellua
2597 1796 3022 1873 devorando,
3076 1804 3143 1859 et

1268 1895 1594 1961 velociter
1648 1897 1874 1974 irruit,
1932 1897 2175 1962 educto
2241 1896 2499 1978 gladio,
2550 1904 2629 1963 ut
2675 1916 2875 1979 opem
2935 1895 3141 1959 ferret

1269 1995 1594 2078 patienti:
1641 1996 1883 2060 videns
1911 2017 2076 2080 ergo
2104 2015 2306 2060 ursus
2335 1996 2576 2060 ducem
2613 1996 2845 2078 gladio
2876 1995 3142 2059 instau-

1269 2101 1433 2171 tem,
1458 2101 1688 2177 spreto
1717 2096 2101 2178 peregrine,
2126 2114 2329 2178 quem
2359 2096 2550 2179 prius
2581 2095 3139 2179 persequebatur,

1269 2193 1585 2258 dentibus
1613 2202 1920 2259 armatus
1961 2203 2034 2259 et
2065 2195 2406 2276 unguibus
2441 2195 2515 2260 iu
2553 2194 2820 2259 hostem
2857 2213 2942 2257 -se
2966 2213 3141 2257 cou-

1270 2293 1434 2358 tulit
1477 2293 1850 2358 fortiorem.
1950 2294 2255 2358 Tandem
2315 2293 2484 2371 dux,
2546 2313 2721 2377 equo
2775 2292 3142 2356 crudeliter

1273 2392 1657 2470 vulnerato,
1684 2392 1895 2476 pedes
1926 2392 2208 2457 effectus
2240 2392 2471 2474 gladio
2502 2412 2644 2458 rem
2673 2393 2928 2475 agebat
2955 2413 2975 2471 ;
3036 2412 3142 2454 ur-

1273 2511 1393 2557 sus
1435 2499 1664 2556 autem
1704 2491 1946 2575 patulo
1992 2492 2132 2557 oris
2179 2491 2357 2556 rictu
2402 2498 2474 2556 et
2520 2511 2864 2556 murmure
2907 2511 3143 2555 occur-

1274 2610 1430 2656 rens
1485 2590 1787 2669 horrido,
1839 2590 2033 2657 ducis
2102 2590 2558 2655 constantiam
2619 2590 3145 2675 parvipendens,

1275 2696 1667 2773 contempto
1722 2690 1979 2773 gladio,
2031 2690 2274 2754 nititur
2339 2709 2416 2753 se
2480 2690 2784 2754 cominus
2839 2691 3146 2771 ingerere

1276 2789 1708 2872 repugnanti.
1811 2789 2032 2854 Porro
2062 2789 2231 2866 dux,
2274 2788 2645 2854 irruentem
2673 2809 2717 2853 a
2749 2809 2827 2853 se
2854 2789 3147 2853 belluam

1275 2888 1655 2974 propellere
1697 2888 1930 2971 gladio
1978 2889 2146 2954 totis
2192 2888 2453 2965 nisibus
2494 2889 2786 2967 instans,
2830 2904 3150 2955 mucrone

1275 3009 1425 3054 eam
1469 2987 1823 3072 perfodere
1861 2988 2260 3066 laborabat;
2310 3008 2548 3053 verum
2601 3007 2802 3053 ursus
2845 2988 3148 3072 gladium

1277 3088 1651 3165 declinans,
1681 3095 1753 3152 et
1784 3088 2027 3152 ducem
2056 3086 2352 3152 brachiis
2395 3087 2784 3171 amplexum
2818 3088 3151 3153 constrin-

1280 3207 1475 3270 gens,
1505 3188 1580 3251 in
1611 3187 1836 3252 solum
1872 3186 2164 3271 dejicere
2203 3193 2518 3265 conatur,
2561 3195 2641 3252 ut
2682 3189 2810 3252 sub
2853 3206 2932 3251 se
2978 3186 3152 3271 posi·

1281 3294 1427 3351 tum
1485 3288 1687 3352 dente
1742 3293 1977 3369 posset
2018 3286 2285 3351 facilius
2333 3293 2404 3350 et
2456 3287 2801 3369 unguibus
2849 3287 3147 3366 laniare;

1281 3404 1520 3450 verum
1560 3385 1755 3448 miles
1800 3392 2120 3449 strenuus
2163 3393 2234 3450 et
2262 3385 2335 3448 in
2367 3385 2574 3449 armis
2607 3386 2951 3469 egregiuS,
2981 3386 3152 3450 laeva

1281 3483 1578 3547 belluam
1652 3483 2076 3565 complexus,
2133 3485 2379 3549 dextra
2432 3485 2752 3572 impingit
2810 3486 3030 3549 aciem
3089 3492 3156 3548 et

1284 3582 1533 3665 capulo
1576 3587 1779 3646 tenus
1819 3582 2136 3647 immerso
2178 3583 2408 3666 gladio
2441 3590 2725 3648 mortem
2759 3580 3014 3666 ingerit
3056 3602 3154 3647 re·

1284 3681 1598 3746 luctanti.
1684 3680 1974 3747 Saucius
2018 3689 2247 3746 tamen
2290 3683 2434 3747 dux
2476 3690 2547 3747 et
2596 3702 2835 3747 cruore
2887 3701 3153 3766 resper-

1286 3799 1431 3859 sus,
1460 3780 2029 3864 periculosissime
2056 3801 2329 3864 quoque
2356 3781 2777 3859 vulneratus,
2805 3790 3158 3847 cruentam

1288 3880 1491 3944 nimis
1532 3879 1890 3944 victoriam
1933 3882 2357 3963 reportavit3
2401 3881 2582 3946 unde
2624 3882 2835 3946 nimia
2875 3882 3155 3964 sangui·

1290 3980 1398 4043 nis
1451 3978 1780 4044 effusione
1839 3979 2232 4047 debilitatus
2292 3982 2381 4045 ad
2436 3980 2705 4045 sodales
2753 4000 2892 4046 non
2933 3980 3161 4064 potuit

1288 4097 1611 4144 remeare.
1710 4077 2020 4144 Tandem
2065 4098 2252 4157 vero,
2294 4080 2622 4163 praedicto
2664 4099 2990 4163 paupere,
3044 4078 3159 4164 qui

1290 4176 1441 4262 ejus
1482 4177 1810 4243 beneficio
1859 4186 2146 4244 mortem
2190 4187 2525 4257 evaserat,
2569 4180 3041 4263 proclamante
3094 4185 3161 4243 et

1288 4296 1525 4342 casum
1590 4277 1958 4355 indicante,
2022 4287 2387 4344 accurrunt
2447 4278 2751 4362 legiones
2796 4280 3161 4354 universae,

1289 4384 1361 4441 et
1424 4377 1671 4442 lectica
1732 4376 2128 4460 impositum
2190 4398 2345 4442 cum
2403 4379 2663 4461 gemitu
2729 4379 3037 4443 omnium
3096 4385 3164 4442 et

1287 4475 1656 4561 lachrymis
1684 4475 2075 4541 detulerunt
2099 4476 2189 4542 ad
2208 4485 2458 4555 castra,
2479 4485 2550 4542 et
2576 4479 2705 4542 sub
2726 4478 3162 4562 chyrurgico-

1292 4595 1443 4641 rum
1494 4575 1949 4642 sollicitudine
2009 4576 2201 4642 illum
2255 4578 2671 4660 deputarunt
2721 4578 2937 4643 donec
3000 4597 3164 4642 con-
