3457 5887
859 803 1133 852 smnus
1180 805 1711 855 msroumuma.
2130 792 2219 856 67

343 962 528 1025 censi
571 962 676 1025 ira
716 962 805 1027 ad
847 982 1040 1028 arma
1076 963 1461 1045 prosiliunt,
1492 971 1564 1028 et
1606 965 1841 1028 urbem
1877 966 2210 1031 violenter
2233 978 2338 1018 A-D-
2362 980 2470 1017 ¹⁰⁹⁶·

339 1060 842 1144 confringentes
879 1063 1145 1127 incolas
1182 1081 1377 1147 paene
1406 1082 1643 1128 omnes
1673 1070 1798 1127 aut
1827 1063 2064 1145 gladio
2104 1066 2211 1129 in-

344 1160 671 1225 terimunt
723 1168 846 1225 aut
883 1162 957 1225 in
998 1161 1276 1226 flumine
1320 1162 1546 1227 vicino
1579 1161 2026 1244 demergunt;
2086 1165 2209 1241 sic,

345 1260 512 1323 urbe
555 1261 865 1337 subacta,
909 1261 1209 1344 quinque
1232 1262 1492 1329 ⁴(liebus
1542 1269 1940 1326 manserunt
1985 1263 2058 1325 in
2101 1283 2207 1327 ea.

347 1356 598 1422 Petrus
628 1378 792 1424 vero
820 1360 1129 1437 audiens,
1156 1361 1344 1443 quod
1373 1379 1497 1425 rex
1527 1359 1914 1442 Hungariae
1943 1362 2030 1424 ad
2060 1363 2211 1426 viu-

344 1456 597 1521 dictam
644 1478 920 1523 suorum
969 1459 1300 1525 militares
1357 1460 1590 1542 copias
1635 1467 2067 1538 convocaret,
2109 1462 2208 1525 le-

344 1556 585 1637 giones
641 1576 804 1622 suas
851 1559 1035 1623 omui
1078 1559 1425 1623 celeritate
1470 1558 1654 1622 ultra
1699 1558 1978 1636 fiumen,
2025 1561 2208 1641 quod

344 1655 641 1720 vicinum
685 1664 855 1735 erat,
899 1657 1253 1723 transferri
1298 1658 1647 1741 praecepit,
1688 1676 1844 1723 eum
1886 1659 2209 1723 armentis

346 1761 416 1818 et
439 1757 782 1821 manubiis
808 1756 1105 1822 civitatis
1126 1777 1145 1836 3
1191 1764 1263 1822 et
1287 1757 1451 1821 inde
1489 1765 1649 1821 octo
1674 1756 1937 1820 dierum
1968 1758 2209 1823 itinere

341 1861 758 1934 transcurso,
811 1863 976 1921 ante
1029 1858 1263 1921 urbem
1322 1856 1458 1920 Niz
1516 1856 1818 1919 turribus
1882 1864 1954 1920 et
2011 1877 2208 1922 muro

342 1952 783 2018 fortissimam
821 1956 1157 2037 pervenit,
1187 1963 1282 2032 et,
1315 1961 1523 2038 ponte
1557 1955 1856 2018 fluminis
1893 1957 2208 2032 transito,

342 2060 573 2116 castra
601 2053 756 2118 fixit
785 2054 1033 2117 ibidem
1060 2074 1079 2133 ;
1120 2055 1422 2137 ‚indeque
1459 2055 1592 2120 iter
1625 2053 2019 2135 expediens,
2050 2074 2207 2119 cum

344 2168 509 2232 pars
535 2151 757 2235 major
783 2153 1126 2225 exercitus
1170 2152 1611 2235 praeterisset,
1639 2152 1916 2234 quidam
1953 2155 2208 2217 turbati

343 2250 597 2332 capitis
642 2250 726 2315 de
778 2252 1056 2334 regione
1106 2251 1662 2328 Teutonicorum,
1709 2250 2210 2332 aliquantulum

340 2349 435 2417 ab
467 2351 852 2431 agminibus
893 2350 1435 2434 praecedentibus
1469 2349 1732 2427 remoti,
1759 2358 2026 2432 septem
2066 2369 2215 2415 mo·

338 2447 613 2512 lendina
642 2448 857 2533 juxta
903 2457 1181 2532 pontem
1233 2456 1680 2513 memoratum
1725 2448 1893 2529 igne
1913 2498 1916 2501 ,
1933 2467 2213 2513 concre-

340 2555 631 2612 marunt.
705 2549 945 2613 Erant·
966 2556 1197 2614 autem
1229 2549 1359 2612 viri
1393 2548 1594 2630 quasi
1627 2554 1928 2623 centum,
1959 2549 2100 2630 qui,
2135 2558 2213 2614 ut

338 2664 462 2709 suo
506 2646 719 2712 furori
760 2647 1270 2725 satisfacerent,
1292 2647 1693 2731 adjecerunt
1735 2645 1825 2710 ad
1869 2649 2210 2729 propriam

338 2745 702 2823 miseriam,
719 2754 790 2809 et
815 2747 1238 2829 quorundam
1257 2746 1603 2810 domicilia
1630 2747 1703 2809 in
1733 2745 2061 2809 suburbio
2092 2767 2211 2829 po-

340 2844 481 2907 sita
508 2845 665 2925 igne
693 2846 1003 2910 similiter
1026 2845 1538 2923 succendentes,
1554 2845 1917 2910 commisso
1935 2846 2213 2923 scelere,

342 2945 678 3008 exercitui
721 2945 1135 3027 praecedeuti
1185 2964 1334 3009 sese
1372 2945 1681 3028 jungere
1709 2946 2211 3027 properabant3

342 3049 421 3106 at
481 3061 649 3108 vero
700 3045 998 3126 regionis
1060 3044 1245 3108 illius
1305 3043 1645 3121 domiuus,
1702 3044 1930 3127 quod
1946 3043 2211 3112 factum

341 3140 571 3206 fuerat
617 3142 897 3225 indigne
938 3141 1219 3221 ferens,
1244 3142 1431 3207 cives
1478 3149 1744 3219 evocat,
1801 3161 1998 3206 arma
2046 3144 2213 3207 arri-

340 3259 503 3322 pere
536 3248 789 3316 monet,
820 3249 891 3305 et
927 3242 1075 3323 ipse
1109 3242 1367 3325 primus
1405 3261 1562 3305 cum
1605 3242 1869 3323 ingenti
1912 3243 2206 3306 tumultu

339 3338 570 3403 hostes
605 3340 976 3415 insecutae,
1012 3348 1376 3424 antequam
1417 3340 1503 3403 ad
1548 3338 2044 3423 praecedentem
2082 3361 2205 3404 ex-

337 3439 621 3503 ercitum
667 3436 1084 3520 attigissent,
1133 3439 1454 3504 atrociter
1490 3437 1645 3503 illos
1686 3438 2017 3502 invadens
2064 3459 2207 3503 om-

338 3556 461 3601 ues
511 3545 729 3602 morte
778 3538 1176 3620 dignissima
1217 3538 1527 3620 peremit.
1613 3535 1715 3601 At
1759 3536 2011 3601 Petrus
2060 3538 2206 3604 haec

338 3637 570 3700 omnia
600 3637 872 3720 penitus
906 3636 1255 3718 ignorans,
1288 3642 1367 3699 ut
1395 3635 1515 3719 qui
1550 3643 1967 3718 praeeuntem
2002 3637 2206 3701 duce·

338 3736 462 3799 bat
502 3736 904 3813 exercitum,
933 3736 1093 3799 dum
1124 3754 1169 3799 a
1198 3734 1644 3799 referentibus
1681 3753 1916 3798 casum
1958 3753 2210 3818 coguo-

340 3836 578 3912 visset,
612 3835 697 3898 de
715 3835 1001 3899 consilio
1033 3853 1309 3898 suorum
1335 3834 1520 3898 illico
1553 3852 1891 3910 reversus,
1920 3833 2207 3898 fratrum

336 3933 900 4017 interemptorum
941 3933 1182 3997 funera
1223 3951 1363 3996 uon
1416 3933 1563 3996 sine
1622 3931 1990 4015 lachrymis
2046 3951 2206 3997 cou-

338 4034 595 4114 spexit,
612 4034 785 4097 scire
811 4032 1099 4097 sollicite
1127 4033 1431 4115 cupiens,
1450 4051 1607 4114 quse
1624 4049 1838 4094 causa
1863 4032 2208 4096 exstiterit

340 4139 555 4200 tantae
605 4131 1214 4213 transgressionise,
1282 4131 1508 4194 missis
1549 4132 1786 4213 itaque
1826 4130 2074 4212 legatis
2117 4131 2204 4194 ad

337 4231 635 4314 majores
668 4231 992 4308 civitatis,
1022 4237 1514 4313 cognoverunt,
1548 4230 1667 4312 qui
1693 4228 1882 4292 missi
1910 4229 2210 4306 fuerant,

326 4329 529 4412 justa
558 4329 1026 4411 indignatione
1065 4330 1463 4394 seditionem
1494 4328 1704 4392 fuisse
1746 4328 2040 4407 factam;
2087 4329 2206 4391 sed

332 4428 764 4510 quorundam
811 4429 1318 4512 peregrinorum
1381 4446 1556 4492 ausu
1609 4425 1969 4491 temerario
2029 4427 2209 4507 legio

332 4534 493 4603 tota
523 4528 867 4592 concitata
910 4536 1041 4606 est,
1068 4536 1149 4591 ut
1190 4528 1511 4611 injuriam
1545 4545 1750 4608 quam
1787 4525 2212 4608 pertulerant

1879 4673 1905 4708 r
1938 4665 1971 4709 2
