<?xml version="1.0" encoding="UTF-8"?>
<!DOCTYPE html PUBLIC "-//W3C//DTD XHTML 1.0 Transitional//EN"
    "http://www.w3.org/TR/xhtml1/DTD/xhtml1-transitional.dtd">
<html xmlns="http://www.w3.org/1999/xhtml" xml:lang="en" lang="en">
 <head>
  <title>
</title>
<meta http-equiv="Content-Type" content="text/html;charset=utf-8" />
  <meta name='ocr-system' content='tesseract 3.04.00' />
  <meta name='ocr-capabilities' content='ocr_page ocr_carea ocr_par ocr_line ocrx_word'/>
</head>
<body>
  <div class='ocr_page' id='page_1' title='image "./rogeridewendove00wendgoog_0308.png"; bbox 0 0 3457 5887; ppageno 0'>
   <div class='ocr_carea' id='block_1_1' title="bbox 1190 804 2549 869">
    <p class='ocr_par' dir='ltr' id='par_1_1' title="bbox 1190 804 2549 869">
     <span class='ocr_line' id='line_1_1' title="bbox 1190 804 2549 869; baseline -0.001 0"><span class='ocrx_word' id='word_1_1' title='bbox 1190 804 1321 869; x_wconf 81' lang='lat'><strong>304</strong></span> <span class='ocrx_word' id='word_1_2' title='bbox 1690 821 1954 869; x_wconf 64' lang='lat' dir='ltr'><strong>uocum</strong></span> <span class='ocrx_word' id='word_1_3' title='bbox 2004 822 2096 868; x_wconf 76' lang='lat' dir='ltr'><strong>ns</strong></span> <span class='ocrx_word' id='word_1_4' title='bbox 2143 820 2549 869; x_wconf 66' lang='lat' dir='ltr'><strong>wunnovsn</strong></span> 
     </span>
    </p>
   </div>
   <div class='ocr_carea' id='block_1_2' title="bbox 875 980 3060 2847">
    <p class='ocr_par' dir='ltr' id='par_1_2' title="bbox 875 980 3060 2847">
     <span class='ocr_line' id='line_1_2' title="bbox 875 980 3055 1064; baseline 0.001 -21"><span class='ocrx_word' id='word_1_5' title='bbox 875 996 1115 1036; x_wconf 58' lang='lat' dir='ltr'><strong>lxm-11⁶⁴-</strong></span> <span class='ocrx_word' id='word_1_6' title='bbox 1191 981 1309 1044; x_wconf 90' lang='lat' dir='ltr'><strong>bet</strong></span> <span class='ocrx_word' id='word_1_7' title='bbox 1362 989 1590 1045; x_wconf 87' lang='lat' dir='ltr'><strong>autem</strong></span> <span class='ocrx_word' id='word_1_8' title='bbox 1647 981 2011 1064; x_wconf 89' lang='lat' dir='ltr'><strong>prudentia</strong></span> <span class='ocrx_word' id='word_1_9' title='bbox 2069 987 2193 1044; x_wconf 90' lang='lat' dir='ltr'><strong>tua</strong></span> <span class='ocrx_word' id='word_1_10' title='bbox 2254 980 2615 1063; x_wconf 83' lang='lat' dir='ltr'><strong>diligenter</strong></span> <span class='ocrx_word' id='word_1_11' title='bbox 2675 980 3055 1058; x_wconf 89' lang='lat' dir='ltr'><strong>advertere,</strong></span> 
     </span>
     <span class='ocr_line' id='line_1_3' title="bbox 1193 1079 3058 1164; baseline 0.001 -21"><span class='ocrx_word' id='word_1_12' title='bbox 1193 1080 1373 1163; x_wconf 89' lang='lat' dir='ltr'><strong>quod</strong></span> <span class='ocrx_word' id='word_1_13' title='bbox 1406 1081 1773 1164; x_wconf 89' lang='lat' dir='ltr'><strong>plurimum</strong></span> <span class='ocrx_word' id='word_1_14' title='bbox 1804 1082 2109 1157; x_wconf 89' lang='lat' dir='ltr'><strong>interest,</strong></span> <span class='ocrx_word' id='word_1_15' title='bbox 2146 1079 2416 1163; x_wconf 90' lang='lat' dir='ltr'><strong>quando</strong></span> <span class='ocrx_word' id='word_1_16' title='bbox 2453 1099 2542 1143; x_wconf 82' lang='lat' dir='ltr'><strong>ex</strong></span> <span class='ocrx_word' id='word_1_17' title='bbox 2574 1079 3058 1145; x_wconf 81' lang='lat' dir='ltr'><strong>deliberatione</strong></span> 
     </span>
     <span class='ocr_line' id='line_1_4' title="bbox 1194 1179 3057 1261; baseline 0.001 -19"><span class='ocrx_word' id='word_1_18' title='bbox 1194 1187 1265 1243; x_wconf 88' lang='lat' dir='ltr'><strong>et</strong></span> <span class='ocrx_word' id='word_1_19' title='bbox 1288 1181 1564 1261; x_wconf 88' lang='lat' dir='ltr'><strong>propria</strong></span> <span class='ocrx_word' id='word_1_20' title='bbox 1579 1180 1957 1257; x_wconf 89' lang='lat' dir='ltr'><strong>voluntate,</strong></span> <span class='ocrx_word' id='word_1_21' title='bbox 1980 1188 2050 1243; x_wconf 88' lang='lat' dir='ltr'><strong>et</strong></span> <span class='ocrx_word' id='word_1_22' title='bbox 2076 1179 2348 1261; x_wconf 90' lang='lat' dir='ltr'><strong>quando</strong></span> <span class='ocrx_word' id='word_1_23' title='bbox 2377 1180 2770 1260; x_wconf 80' lang='lat' dir='ltr'><strong>ignorantia</strong></span> <span class='ocrx_word' id='word_1_24' title='bbox 2802 1180 2911 1243; x_wconf 88' lang='lat' dir='ltr'><strong>vel</strong></span> <span class='ocrx_word' id='word_1_25' title='bbox 2941 1201 3057 1243; x_wconf 91' lang='lat' dir='ltr'><strong>ne-</strong></span> 
     </span>
     <span class='ocr_line' id='line_1_5' title="bbox 1193 1277 3059 1362; baseline 0 -20"><span class='ocrx_word' id='word_1_26' title='bbox 1193 1277 1512 1342; x_wconf 89' lang='lat' dir='ltr'><strong>cessitate</strong></span> <span class='ocrx_word' id='word_1_27' title='bbox 1560 1278 1792 1362; x_wconf 88' lang='lat' dir='ltr'><strong>aliqua</strong></span> <span class='ocrx_word' id='word_1_28' title='bbox 1835 1279 2389 1357; x_wconf 85' lang='lat' dir='ltr'><strong>committuntur;</strong></span> <span class='ocrx_word' id='word_1_29' title='bbox 2435 1297 2618 1354; x_wconf 90' lang='lat' dir='ltr'><strong>nam,</strong></span> <span class='ocrx_word' id='word_1_30' title='bbox 2662 1278 2845 1342; x_wconf 90' lang='lat' dir='ltr'><strong>sicut</strong></span> <span class='ocrx_word' id='word_1_31' title='bbox 2888 1279 3059 1360; x_wconf 83' lang='lat' dir='ltr'><strong>legi·</strong></span> 
     </span>
     <span class='ocr_line' id='line_1_6' title="bbox 1194 1377 3060 1459; baseline 0.001 -19"><span class='ocrx_word' id='word_1_32' title='bbox 1194 1385 1328 1454; x_wconf 91' lang='lat' dir='ltr'><strong>tur,</strong></span> <span class='ocrx_word' id='word_1_33' title='bbox 1360 1377 1597 1459; x_wconf 84' lang='lat' dir='ltr'><strong>Usque</strong></span> <span class='ocrx_word' id='word_1_34' title='bbox 1624 1379 1794 1441; x_wconf 90' lang='lat' dir='ltr'><strong>adeo</strong></span> <span class='ocrx_word' id='word_1_35' title='bbox 1828 1377 2285 1442; x_wconf 88' lang='lat' dir='ltr'><strong>voluntarium</strong></span> <span class='ocrx_word' id='word_1_36' title='bbox 2322 1384 2427 1440; x_wconf 90' lang='lat' dir='ltr'><strong>est</strong></span> <span class='ocrx_word' id='word_1_37' title='bbox 2463 1385 2846 1459; x_wconf 88' lang='lat' dir='ltr'><strong>peccatum,</strong></span> <span class='ocrx_word' id='word_1_38' title='bbox 2880 1378 3060 1459; x_wconf 92' lang='lat' dir='ltr'><strong>quod</strong></span> 
     </span>
     <span class='ocr_line' id='line_1_7' title="bbox 1195 1475 3060 1558; baseline 0.001 -20"><span class='ocrx_word' id='word_1_39' title='bbox 1195 1476 1326 1539; x_wconf 91' lang='lat' dir='ltr'><strong>nisi</strong></span> <span class='ocrx_word' id='word_1_40' title='bbox 1367 1475 1459 1540; x_wconf 89' lang='lat' dir='ltr'><strong>sit</strong></span> <span class='ocrx_word' id='word_1_41' title='bbox 1492 1477 1953 1542; x_wconf 89' lang='lat' dir='ltr'><strong>voluntarium</strong></span> <span class='ocrx_word' id='word_1_42' title='bbox 1988 1496 2126 1540; x_wconf 91' lang='lat' dir='ltr'><strong>non</strong></span> <span class='ocrx_word' id='word_1_43' title='bbox 2163 1477 2253 1539; x_wconf 90' lang='lat' dir='ltr'><strong>sit</strong></span> <span class='ocrx_word' id='word_1_44' title='bbox 2295 1483 2676 1558; x_wconf 90' lang='lat' dir='ltr'><strong>peccatum.</strong></span> <span class='ocrx_word' id='word_1_45' title='bbox 2731 1476 2807 1540; x_wconf 93' lang='lat' dir='ltr'><strong>Si</strong></span> <span class='ocrx_word' id='word_1_46' title='bbox 2851 1477 3060 1557; x_wconf 78' lang='lat' dir='ltr'><strong>igitur</strong></span> 
     </span>
     <span class='ocr_line' id='line_1_8' title="bbox 1197 1574 3059 1658; baseline 0.001 -20"><span class='ocrx_word' id='word_1_47' title='bbox 1197 1574 1451 1658; x_wconf 89' lang='lat' dir='ltr'><strong>aliquid</strong></span> <span class='ocrx_word' id='word_1_48' title='bbox 1501 1576 1745 1640; x_wconf 86' lang='lat' dir='ltr'><strong>recolis</strong></span> <span class='ocrx_word' id='word_1_49' title='bbox 1795 1584 1863 1640; x_wconf 91' lang='lat' dir='ltr'><strong>te</strong></span> <span class='ocrx_word' id='word_1_50' title='bbox 1912 1575 2354 1653; x_wconf 83' lang='lat' dir='ltr'><strong>commisisse,</strong></span> <span class='ocrx_word' id='word_1_51' title='bbox 2393 1575 2477 1638; x_wconf 89' lang='lat' dir='ltr'><strong>de</strong></span> <span class='ocrx_word' id='word_1_52' title='bbox 2525 1593 2663 1657; x_wconf 89' lang='lat' dir='ltr'><strong>quo</strong></span> <span class='ocrx_word' id='word_1_53' title='bbox 2711 1582 2782 1638; x_wconf 87' lang='lat' dir='ltr'><strong>te</strong></span> <span class='ocrx_word' id='word_1_54' title='bbox 2816 1575 3059 1640; x_wconf 82' lang='lat' dir='ltr'><strong>debeat</strong></span> 
     </span>
     <span class='ocr_line' id='line_1_9' title="bbox 1193 1666 3057 1756; baseline 0 -19"><span class='ocrx_word' id='word_1_55' title='bbox 1193 1675 1470 1756; x_wconf 89' lang='lat' dir='ltr'><strong>propria</strong></span> <span class='ocrx_word' id='word_1_56' title='bbox 1521 1666 1938 1739; x_wconf 75' lang='lat' dir='ltr'><strong>conscientia</strong></span> <span class='ocrx_word' id='word_1_57' title='bbox 1975 1674 2379 1750; x_wconf 87' lang='lat' dir='ltr'><strong>remordere,</strong></span> <span class='ocrx_word' id='word_1_58' title='bbox 2425 1673 2747 1756; x_wconf 91' lang='lat' dir='ltr'><strong>quicquid</strong></span> <span class='ocrx_word' id='word_1_59' title='bbox 2787 1674 2903 1751; x_wconf 89' lang='lat' dir='ltr'><strong>sit,</strong></span> <span class='ocrx_word' id='word_1_60' title='bbox 2945 1695 3057 1737; x_wconf 90' lang='lat' dir='ltr'><strong>sa-</strong></span> 
     </span>
     <span class='ocr_line' id='line_1_10' title="bbox 1194 1772 3053 1856; baseline 0.001 -20"><span class='ocrx_word' id='word_1_61' title='bbox 1194 1772 1473 1850; x_wconf 85' lang='lat' dir='ltr'><strong>cerdoti,</strong></span> <span class='ocrx_word' id='word_1_62' title='bbox 1525 1775 1643 1856; x_wconf 91' lang='lat' dir='ltr'><strong>qui</strong></span> <span class='ocrx_word' id='word_1_63' title='bbox 1704 1774 2039 1838; x_wconf 90' lang='lat' dir='ltr'><strong>discretus</strong></span> <span class='ocrx_word' id='word_1_64' title='bbox 2083 1781 2153 1838; x_wconf 91' lang='lat' dir='ltr'><strong>et</strong></span> <span class='ocrx_word' id='word_1_65' title='bbox 2205 1772 2531 1855; x_wconf 91' lang='lat' dir='ltr'><strong>providus</strong></span> <span class='ocrx_word' id='word_1_66' title='bbox 2578 1772 2885 1850; x_wconf 87' lang='lat' dir='ltr'><strong>habetur,</strong></span> <span class='ocrx_word' id='word_1_67' title='bbox 2932 1775 3053 1837; x_wconf 89' lang='lat' dir='ltr'><strong>tibi</strong></span> 
     </span>
     <span class='ocr_line' id='line_1_11' title="bbox 1195 1870 3048 1955; baseline 0.001 -20"><span class='ocrx_word' id='word_1_68' title='bbox 1195 1872 1607 1936; x_wconf 86' lang='lat' dir='ltr'><strong>consulimus</strong></span> <span class='ocrx_word' id='word_1_69' title='bbox 1638 1892 1763 1954; x_wconf 91' lang='lat' dir='ltr'><strong>per</strong></span> <span class='ocrx_word' id='word_1_70' title='bbox 1788 1872 2264 1955; x_wconf 87' lang='lat' dir='ltr'><strong>poenitentiam</strong></span> <span class='ocrx_word' id='word_1_71' title='bbox 2291 1870 2638 1952; x_wconf 81' lang='lat' dir='ltr'><strong>confiteri3</strong></span> <span class='ocrx_word' id='word_1_72' title='bbox 2676 1892 2807 1955; x_wconf 92' lang='lat' dir='ltr'><strong>quo</strong></span> <span class='ocrx_word' id='word_1_73' title='bbox 2839 1874 3048 1949; x_wconf 87' lang='lat' dir='ltr'><strong>facto,</strong></span> 
     </span>
     <span class='ocr_line' id='line_1_12' title="bbox 1193 1970 3050 2054; baseline 0.001 -20"><span class='ocrx_word' id='word_1_74' title='bbox 1193 1972 1550 2035; x_wconf 81' lang='lat' dir='ltr'><strong>miserator</strong></span> <span class='ocrx_word' id='word_1_75' title='bbox 1576 1978 1646 2036; x_wconf 88' lang='lat' dir='ltr'><strong>et</strong></span> <span class='ocrx_word' id='word_1_76' title='bbox 1688 1972 2070 2036; x_wconf 85' lang='lat' dir='ltr'><strong>misericors</strong></span> <span class='ocrx_word' id='word_1_77' title='bbox 2103 1970 2462 2046; x_wconf 91' lang='lat' dir='ltr'><strong>Dominus,</strong></span> <span class='ocrx_word' id='word_1_78' title='bbox 2497 1971 2614 2052; x_wconf 90' lang='lat' dir='ltr'><strong>qui</strong></span> <span class='ocrx_word' id='word_1_79' title='bbox 2657 1972 2861 2035; x_wconf 86' lang='lat' dir='ltr'><strong>multo</strong></span> <span class='ocrx_word' id='word_1_80' title='bbox 2894 1972 3050 2054; x_wconf 91' lang='lat' dir='ltr'><strong>plus</strong></span> 
     </span>
     <span class='ocr_line' id='line_1_13' title="bbox 1194 2069 3052 2152; baseline 0.001 -19"><span class='ocrx_word' id='word_1_81' title='bbox 1194 2070 1280 2133; x_wconf 91' lang='lat' dir='ltr'><strong>ad</strong></span> <span class='ocrx_word' id='word_1_82' title='bbox 1344 2089 1460 2134; x_wconf 89' lang='lat' dir='ltr'><strong>cor</strong></span> <span class='ocrx_word' id='word_1_83' title='bbox 1516 2071 1794 2152; x_wconf 89' lang='lat' dir='ltr'><strong>respicit</strong></span> <span class='ocrx_word' id='word_1_84' title='bbox 1854 2090 2058 2152; x_wconf 90' lang='lat' dir='ltr'><strong>quam</strong></span> <span class='ocrx_word' id='word_1_85' title='bbox 2110 2069 2195 2134; x_wconf 90' lang='lat' dir='ltr'><strong>ad</strong></span> <span class='ocrx_word' id='word_1_86' title='bbox 2260 2077 2480 2146; x_wconf 79' lang='lat' dir='ltr'><strong>actuS,</strong></span> <span class='ocrx_word' id='word_1_87' title='bbox 2543 2070 2668 2134; x_wconf 87' lang='lat' dir='ltr'><strong>tibi</strong></span> <span class='ocrx_word' id='word_1_88' title='bbox 2729 2080 3052 2135; x_wconf 89' lang='lat' dir='ltr'><strong>consueta</strong></span> 
     </span>
     <span class='ocr_line' id='line_1_14' title="bbox 1193 2168 3054 2252; baseline 0.001 -20"><span class='ocrx_word' id='word_1_89' title='bbox 1193 2168 1469 2252; x_wconf 88' lang='lat' dir='ltr'><strong>pietatis</strong></span> <span class='ocrx_word' id='word_1_90' title='bbox 1528 2189 1672 2233; x_wconf 81' lang='lat' dir='ltr'><strong>suae</strong></span> <span class='ocrx_word' id='word_1_91' title='bbox 1725 2169 2187 2234; x_wconf 84' lang='lat' dir='ltr'><strong>misericordia</strong></span> <span class='ocrx_word' id='word_1_92' title='bbox 2235 2168 2585 2247; x_wconf 86' lang='lat' dir='ltr'><strong>dimittet;</strong></span> <span class='ocrx_word' id='word_1_93' title='bbox 2653 2176 2726 2233; x_wconf 93' lang='lat' dir='ltr'><strong>et</strong></span> <span class='ocrx_word' id='word_1_94' title='bbox 2781 2190 2930 2247; x_wconf 76' lang='lat' dir='ltr'><strong>noS,</strong></span> <span class='ocrx_word' id='word_1_95' title='bbox 2976 2170 3054 2234; x_wconf 91' lang='lat' dir='ltr'><strong>de</strong></span> 
     </span>
     <span class='ocr_line' id='line_1_15' title="bbox 1194 2268 3054 2353; baseline 0.001 -22"><span class='ocrx_word' id='word_1_96' title='bbox 1194 2269 1549 2332; x_wconf 90' lang='lat' dir='ltr'><strong>beatorum</strong></span> <span class='ocrx_word' id='word_1_97' title='bbox 1601 2268 1792 2332; x_wconf 88' lang='lat' dir='ltr'><strong>Petri</strong></span> <span class='ocrx_word' id='word_1_98' title='bbox 1855 2277 1925 2333; x_wconf 91' lang='lat' dir='ltr'><strong>et</strong></span> <span class='ocrx_word' id='word_1_99' title='bbox 1984 2268 2185 2332; x_wconf 91' lang='lat' dir='ltr'><strong>Pauli</strong></span> <span class='ocrx_word' id='word_1_100' title='bbox 2247 2268 2715 2351; x_wconf 89' lang='lat' dir='ltr'><strong>apostolorum</strong></span> <span class='ocrx_word' id='word_1_101' title='bbox 2777 2270 3054 2353; x_wconf 87' lang='lat' dir='ltr'><strong>ejusque</strong></span> 
     </span>
     <span class='ocr_line' id='line_1_16' title="bbox 1197 2367 3056 2450; baseline 0.001 -20"><span class='ocrx_word' id='word_1_102' title='bbox 1197 2368 1456 2431; x_wconf 88' lang='lat' dir='ltr'><strong>meritis</strong></span> <span class='ocrx_word' id='word_1_103' title='bbox 1500 2367 1940 2445; x_wconf 75' lang='lat' dir='ltr'><strong>confidenteS,</strong></span> <span class='ocrx_word' id='word_1_104' title='bbox 1985 2377 2053 2432; x_wconf 88' lang='lat' dir='ltr'><strong>te</strong></span> <span class='ocrx_word' id='word_1_105' title='bbox 2088 2368 2176 2432; x_wconf 88' lang='lat' dir='ltr'><strong>ab</strong></span> <span class='ocrx_word' id='word_1_106' title='bbox 2229 2386 2313 2430; x_wconf 93' lang='lat' dir='ltr'><strong>eo</strong></span> <span class='ocrx_word' id='word_1_107' title='bbox 2363 2367 2541 2450; x_wconf 93' lang='lat' dir='ltr'><strong>quod</strong></span> <span class='ocrx_word' id='word_1_108' title='bbox 2590 2375 2699 2431; x_wconf 86' lang='lat' dir='ltr'><strong>est</strong></span> <span class='ocrx_word' id='word_1_109' title='bbox 2741 2370 3056 2432; x_wconf 84' lang='lat' dir='ltr'><strong>commis·</strong></span> 
     </span>
     <span class='ocr_line' id='line_1_17' title="bbox 1196 2465 3057 2548; baseline 0.001 -19"><span class='ocrx_word' id='word_1_110' title='bbox 1196 2486 1348 2529; x_wconf 88' lang='lat' dir='ltr'><strong>sum</strong></span> <span class='ocrx_word' id='word_1_111' title='bbox 1404 2467 1847 2542; x_wconf 84' lang='lat' dir='ltr'><strong>absolvimus,</strong></span> <span class='ocrx_word' id='word_1_112' title='bbox 1899 2474 1970 2530; x_wconf 91' lang='lat' dir='ltr'><strong>et</strong></span> <span class='ocrx_word' id='word_1_113' title='bbox 2024 2466 2092 2530; x_wconf 91' lang='lat' dir='ltr'><strong>id</strong></span> <span class='ocrx_word' id='word_1_114' title='bbox 2153 2467 2378 2548; x_wconf 92' lang='lat' dir='ltr'><strong>ipsum</strong></span> <span class='ocrx_word' id='word_1_115' title='bbox 2450 2465 2859 2530; x_wconf 82' lang='lat' dir='ltr'><strong>fraternitati</strong></span> <span class='ocrx_word' id='word_1_116' title='bbox 2920 2476 3057 2531; x_wconf 81' lang='lat' dir='ltr'><strong>tnae</strong></span> 
     </span>
     <span class='ocr_line' id='line_1_18' title="bbox 1195 2565 3054 2648; baseline 0.001 -19"><span class='ocrx_word' id='word_1_117' title='bbox 1195 2566 1604 2630; x_wconf 88' lang='lat' dir='ltr'><strong>auctoritate</strong></span> <span class='ocrx_word' id='word_1_118' title='bbox 1633 2565 2012 2648; x_wconf 85' lang='lat' dir='ltr'><strong>apostolica</strong></span> <span class='ocrx_word' id='word_1_119' title='bbox 2037 2566 2449 2642; x_wconf 85' lang='lat' dir='ltr'><strong>relaxamus,</strong></span> <span class='ocrx_word' id='word_1_120' title='bbox 2465 2565 2888 2628; x_wconf 88' lang='lat' dir='ltr'><strong>consulentes</strong></span> <span class='ocrx_word' id='word_1_121' title='bbox 2915 2566 3054 2630; x_wconf 85' lang='lat' dir='ltr'><strong>uti-</strong></span> 
     </span>
     <span class='ocr_line' id='line_1_19' title="bbox 1195 2665 3049 2747; baseline 0.002 -21"><span class='ocrx_word' id='word_1_122' title='bbox 1195 2683 1328 2746; x_wconf 92' lang='lat' dir='ltr'><strong>que</strong></span> <span class='ocrx_word' id='word_1_123' title='bbox 1370 2684 1451 2728; x_wconf 89' lang='lat' dir='ltr'><strong>ac</strong></span> <span class='ocrx_word' id='word_1_124' title='bbox 1495 2665 1924 2741; x_wconf 84' lang='lat' dir='ltr'><strong>mandantes,</strong></span> <span class='ocrx_word' id='word_1_125' title='bbox 1968 2671 2046 2729; x_wconf 95' lang='lat' dir='ltr'><strong>ut</strong></span> <span class='ocrx_word' id='word_1_126' title='bbox 2089 2671 2331 2747; x_wconf 91' lang='lat' dir='ltr'><strong>postea</strong></span> <span class='ocrx_word' id='word_1_127' title='bbox 2380 2684 2425 2728; x_wconf 90' lang='lat' dir='ltr'><strong>a</strong></span> <span class='ocrx_word' id='word_1_128' title='bbox 2463 2665 2811 2728; x_wconf 87' lang='lat' dir='ltr'><strong>missarum</strong></span> <span class='ocrx_word' id='word_1_129' title='bbox 2864 2665 3049 2729; x_wconf 89' lang='lat' dir='ltr'><strong>cele-</strong></span> 
     </span>
     <span class='ocr_line' id='line_1_20' title="bbox 1194 2757 2826 2847; baseline 0.002 -22"><span class='ocrx_word' id='word_1_130' title='bbox 1194 2762 1503 2827; x_wconf 89' lang='lat' dir='ltr'><strong>bratione</strong></span> <span class='ocrx_word' id='word_1_131' title='bbox 1535 2772 1817 2847; x_wconf 88' lang='lat' dir='ltr'><strong>propter</strong></span> <span class='ocrx_word' id='word_1_132' title='bbox 1846 2764 1975 2828; x_wconf 92' lang='lat' dir='ltr'><strong>hoc</strong></span> <span class='ocrx_word' id='word_1_133' title='bbox 2009 2783 2140 2827; x_wconf 92' lang='lat' dir='ltr'><strong>non</strong></span> <span class='ocrx_word' id='word_1_134' title='bbox 2174 2763 2425 2828; x_wconf 86' lang='lat' dir='ltr'><strong>debeas</strong></span> <span class='ocrx_word' id='word_1_135' title='bbox 2455 2757 2826 2828; x_wconf 62' lang='lat' dir='ltr'><strong>abstinere?</strong></span> 
     </span>
    </p>
   </div>
   <div class='ocr_carea' id='block_1_3' title="bbox 1303 2952 2960 3038">
    <p class='ocr_par' dir='ltr' id='par_1_3' title="bbox 1303 2952 2960 3038">
     <span class='ocr_line' id='line_1_21' title="bbox 1303 2952 2960 3038; baseline -0.003 -17"><span class='ocrx_word' id='word_1_136' title='bbox 1303 2954 1476 3035; x_wconf 72' lang='lat' dir='ltr'><strong><em>Quod</em></strong></span> <span class='ocrx_word' id='word_1_137' title='bbox 1501 2976 1608 3020; x_wconf 67' lang='lat' dir='ltr'><strong>rav</strong></span> <span class='ocrx_word' id='word_1_138' title='bbox 1635 2955 1915 3032; x_wconf 65' lang='lat' dir='ltr'><strong>docrevit,</strong></span> <span class='ocrx_word' id='word_1_139' title='bbox 1949 2962 2018 3019; x_wconf 74' lang='lat' dir='ltr'><strong>ut</strong></span> <span class='ocrx_word' id='word_1_140' title='bbox 2041 2976 2084 3017; x_wconf 86' lang='lat' dir='ltr'><strong>a</strong></span> <span class='ocrx_word' id='word_1_141' title='bbox 2114 2952 2295 3017; x_wconf 78' lang='lat' dir='ltr'><strong>laicis</strong></span> <span class='ocrx_word' id='word_1_142' title='bbox 2323 2952 2534 3017; x_wconf 74' lang='lat' dir='ltr'><strong>okrici</strong></span> <span class='ocrx_word' id='word_1_143' title='bbox 2551 2953 2960 3038; x_wconf 68' lang='lat' dir='ltr'><strong>punirentur.</strong></span> 
     </span>
    </p>
   </div>
   <div class='ocr_carea' id='block_1_4' title="bbox 871 3073 3059 4449">
    <p class='ocr_par' dir='ltr' id='par_1_4' title="bbox 871 3073 3059 4449">
     <span class='ocr_line' id='line_1_22' title="bbox 874 3073 3055 3190; baseline -0.001 -48"><span class='ocrx_word' id='word_1_144' title='bbox 874 3086 1144 3190; x_wconf 43' lang='lat'><strong>3:222,</strong></span> <span class='ocrx_word' id='word_1_145' title='bbox 1293 3073 1580 3144; x_wconf 86' lang='lat' dir='ltr'><strong>Eodem¹</strong></span> <span class='ocrx_word' id='word_1_146' title='bbox 1616 3098 1797 3143; x_wconf 90' lang='lat' dir='ltr'><strong>anno</strong></span> <span class='ocrx_word' id='word_1_147' title='bbox 1827 3099 1953 3142; x_wconf 81' lang='lat' dir='ltr'><strong>rex</strong></span> <span class='ocrx_word' id='word_1_148' title='bbox 1987 3077 2332 3142; x_wconf 88' lang='lat' dir='ltr'><strong>Henricus</strong></span> <span class='ocrx_word' id='word_1_149' title='bbox 2366 3078 2604 3141; x_wconf 90' lang='lat' dir='ltr'><strong>volens</strong></span> <span class='ocrx_word' id='word_1_150' title='bbox 2638 3078 2714 3140; x_wconf 90' lang='lat' dir='ltr'><strong>in</strong></span> <span class='ocrx_word' id='word_1_151' title='bbox 2747 3078 3055 3159; x_wconf 80' lang='lat' dir='ltr'><strong>singulis,</strong></span> 
     </span>
     <span class='ocr_line' id='line_1_23' title="bbox 871 3177 3056 3282; baseline -0 -41"><span class='ocrx_word' id='word_1_152' title='bbox 871 3189 1143 3282; x_wconf 46' lang='lat' dir='ltr'><strong>{mumio-</strong></span> <span class='ocrx_word' id='word_1_153' title='bbox 1192 3185 1272 3241; x_wconf 92' lang='lat' dir='ltr'><strong>ut</strong></span> <span class='ocrx_word' id='word_1_154' title='bbox 1311 3178 1603 3254; x_wconf 88' lang='lat' dir='ltr'><strong>dicebat,</strong></span> <span class='ocrx_word' id='word_1_155' title='bbox 1655 3177 1990 3241; x_wconf 88' lang='lat' dir='ltr'><strong>maleficia</strong></span> <span class='ocrx_word' id='word_1_156' title='bbox 2036 3177 2267 3241; x_wconf 87' lang='lat' dir='ltr'><strong>debita</strong></span> <span class='ocrx_word' id='word_1_157' title='bbox 2311 3195 2464 3240; x_wconf 88' lang='lat' dir='ltr'><strong>cum</strong></span> <span class='ocrx_word' id='word_1_158' title='bbox 2521 3177 2893 3241; x_wconf 88' lang='lat' dir='ltr'><strong>severitate</strong></span> <span class='ocrx_word' id='word_1_159' title='bbox 2938 3197 3056 3259; x_wconf 90' lang='lat' dir='ltr'><strong>pu·</strong></span> 
     </span>
     <span class='ocr_line' id='line_1_24' title="bbox 1195 3276 3049 3362; baseline -0.001 -22"><span class='ocrx_word' id='word_1_160' title='bbox 1195 3277 1365 3354; x_wconf 89' lang='lat' dir='ltr'><strong>nire,</strong></span> <span class='ocrx_word' id='word_1_161' title='bbox 1409 3286 1480 3342; x_wconf 93' lang='lat' dir='ltr'><strong>et</strong></span> <span class='ocrx_word' id='word_1_162' title='bbox 1524 3277 2015 3362; x_wconf 88' lang='lat' dir='ltr'><strong>cujuscumque</strong></span> <span class='ocrx_word' id='word_1_163' title='bbox 2058 3276 2312 3340; x_wconf 90' lang='lat' dir='ltr'><strong>ordinis</strong></span> <span class='ocrx_word' id='word_1_164' title='bbox 2356 3276 2761 3356; x_wconf 81' lang='lat' dir='ltr'><strong>dignitatem</strong></span> <span class='ocrx_word' id='word_1_165' title='bbox 2802 3276 2892 3339; x_wconf 81' lang='lat' dir='ltr'><strong>ad</strong></span> <span class='ocrx_word' id='word_1_166' title='bbox 2926 3276 3049 3339; x_wconf 90' lang='lat' dir='ltr'><strong>ini·</strong></span> 
     </span>
     <span class='ocr_line' id='line_1_25' title="bbox 1194 3374 3053 3460; baseline -0.001 -20"><span class='ocrx_word' id='word_1_167' title='bbox 1194 3396 1403 3460; x_wconf 90' lang='lat' dir='ltr'><strong>quum</strong></span> <span class='ocrx_word' id='word_1_168' title='bbox 1458 3377 1637 3441; x_wconf 90' lang='lat' dir='ltr'><strong>trahi</strong></span> <span class='ocrx_word' id='word_1_169' title='bbox 1684 3376 2134 3458; x_wconf 88' lang='lat' dir='ltr'><strong>dispendium,</strong></span> <span class='ocrx_word' id='word_1_170' title='bbox 2177 3374 2625 3455; x_wconf 81' lang='lat' dir='ltr'><strong>incongruum</strong></span> <span class='ocrx_word' id='word_1_171' title='bbox 2674 3394 2829 3439; x_wconf 89' lang='lat' dir='ltr'><strong>esse</strong></span> <span class='ocrx_word' id='word_1_172' title='bbox 2855 3394 3053 3439; x_wconf 13' lang='lat' dir='ltr'><strong>rasse-</strong></span> 
     </span>
     <span class='ocr_line' id='line_1_26' title="bbox 1194 3473 3051 3558; baseline 0 -19"><span class='ocrx_word' id='word_1_173' title='bbox 1194 3476 1354 3549; x_wconf 87' lang='lat' dir='ltr'><strong>ruit,</strong></span> <span class='ocrx_word' id='word_1_174' title='bbox 1387 3476 1670 3541; x_wconf 90' lang='lat' dir='ltr'><strong>clericos</strong></span> <span class='ocrx_word' id='word_1_175' title='bbox 1702 3495 1748 3539; x_wconf 91' lang='lat' dir='ltr'><strong>a</strong></span> <span class='ocrx_word' id='word_1_176' title='bbox 1780 3475 1922 3538; x_wconf 88' lang='lat' dir='ltr'><strong>suis</strong></span> <span class='ocrx_word' id='word_1_177' title='bbox 1948 3473 2349 3558; x_wconf 88' lang='lat' dir='ltr'><strong>justiciariis</strong></span> <span class='ocrx_word' id='word_1_178' title='bbox 2378 3475 2451 3537; x_wconf 91' lang='lat' dir='ltr'><strong>in</strong></span> <span class='ocrx_word' id='word_1_179' title='bbox 2484 3473 2759 3555; x_wconf 91' lang='lat' dir='ltr'><strong>publico</strong></span> <span class='ocrx_word' id='word_1_180' title='bbox 2796 3474 3051 3556; x_wconf 84' lang='lat' dir='ltr'><strong>flagitio</strong></span> 
     </span>
     <span class='ocr_line' id='line_1_27' title="bbox 1192 3571 3048 3657; baseline 0.001 -20"><span class='ocrx_word' id='word_1_181' title='bbox 1192 3574 1648 3657; x_wconf 88' lang='lat' dir='ltr'><strong>deprehensos</strong></span> <span class='ocrx_word' id='word_1_182' title='bbox 1710 3575 2030 3657; x_wconf 87' lang='lat' dir='ltr'><strong>episcopo</strong></span> <span class='ocrx_word' id='word_1_183' title='bbox 2096 3572 2230 3636; x_wconf 89' lang='lat' dir='ltr'><strong>loci</strong></span> <span class='ocrx_word' id='word_1_184' title='bbox 2302 3571 2567 3637; x_wconf 90' lang='lat' dir='ltr'><strong>tradere</strong></span> <span class='ocrx_word' id='word_1_185' title='bbox 2632 3573 3048 3655; x_wconf 87' lang='lat' dir='ltr'><strong>impunitos;</strong></span> 
     </span>
     <span class='ocr_line' id='line_1_28' title="bbox 1191 3672 3052 3754; baseline 0 -18"><span class='ocrx_word' id='word_1_186' title='bbox 1191 3672 1492 3737; x_wconf 89' lang='lat' dir='ltr'><strong>decrevit</strong></span> <span class='ocrx_word' id='word_1_187' title='bbox 1547 3675 1750 3749; x_wconf 88' lang='lat' dir='ltr'><strong>enim,</strong></span> <span class='ocrx_word' id='word_1_188' title='bbox 1794 3680 1873 3738; x_wconf 90' lang='lat' dir='ltr'><strong>ut</strong></span> <span class='ocrx_word' id='word_1_189' title='bbox 1929 3691 2102 3754; x_wconf 88' lang='lat' dir='ltr'><strong>quos</strong></span> <span class='ocrx_word' id='word_1_190' title='bbox 2154 3672 2452 3754; x_wconf 89' lang='lat' dir='ltr'><strong>episcopi</strong></span> <span class='ocrx_word' id='word_1_191' title='bbox 2506 3673 2894 3737; x_wconf 85' lang='lat' dir='ltr'><strong>invenirent</strong></span> <span class='ocrx_word' id='word_1_192' title='bbox 2936 3675 3052 3736; x_wconf 91' lang='lat' dir='ltr'><strong>ob-</strong></span> 
     </span>
     <span class='ocr_line' id='line_1_29' title="bbox 1190 3770 3052 3855; baseline 0 -19"><span class='ocrx_word' id='word_1_193' title='bbox 1190 3773 1459 3849; x_wconf 83' lang='lat' dir='ltr'><strong>noxios,</strong></span> <span class='ocrx_word' id='word_1_194' title='bbox 1490 3779 1824 3854; x_wconf 78' lang='lat' dir='ltr'><strong>praesente</strong></span> <span class='ocrx_word' id='word_1_195' title='bbox 1858 3772 2039 3853; x_wconf 77' lang='lat' dir='ltr'><strong>regis</strong></span> <span class='ocrx_word' id='word_1_196' title='bbox 2067 3770 2474 3855; x_wconf 88' lang='lat' dir='ltr'><strong>justiciario,</strong></span> <span class='ocrx_word' id='word_1_197' title='bbox 2497 3780 3052 3849; x_wconf 85' lang='lat' dir='ltr'><strong>exauctorarent,</strong></span> 
     </span>
     <span class='ocr_line' id='line_1_30' title="bbox 1189 3870 3055 3953; baseline 0.002 -20"><span class='ocrx_word' id='word_1_198' title='bbox 1189 3877 1258 3933; x_wconf 90' lang='lat' dir='ltr'><strong>et</strong></span> <span class='ocrx_word' id='word_1_199' title='bbox 1313 3878 1470 3953; x_wconf 88' lang='lat' dir='ltr'><strong>post</strong></span> <span class='ocrx_word' id='word_1_200' title='bbox 1520 3872 1727 3934; x_wconf 74' lang='lat' dir='ltr'><strong>curiae</strong></span> <span class='ocrx_word' id='word_1_201' title='bbox 1788 3872 1971 3952; x_wconf 78' lang='lat' dir='ltr'><strong>regis</strong></span> <span class='ocrx_word' id='word_1_202' title='bbox 2023 3870 2368 3935; x_wconf 88' lang='lat' dir='ltr'><strong>traderent</strong></span> <span class='ocrx_word' id='word_1_203' title='bbox 2418 3870 2823 3952; x_wconf 89' lang='lat' dir='ltr'><strong>puniendos.</strong></span> <span class='ocrx_word' id='word_1_204' title='bbox 2969 3871 3055 3936; x_wconf 89' lang='lat' dir='ltr'><strong>In</strong></span> 
     </span>
     <span class='ocr_line' id='line_1_31' title="bbox 1189 3969 3054 4053; baseline 0.001 -21"><span class='ocrx_word' id='word_1_205' title='bbox 1189 3969 1600 4032; x_wconf 88' lang='lat' dir='ltr'><strong>contrarium</strong></span> <span class='ocrx_word' id='word_1_206' title='bbox 1682 3970 2022 4034; x_wconf 87' lang='lat' dir='ltr'><strong>sentiebat</strong></span> <span class='ocrx_word' id='word_1_207' title='bbox 2092 3969 2662 4052; x_wconf 89' lang='lat' dir='ltr'><strong>archiepiscopus,</strong></span> <span class='ocrx_word' id='word_1_208' title='bbox 2726 3978 2809 4034; x_wconf 88' lang='lat' dir='ltr'><strong>ut</strong></span> <span class='ocrx_word' id='word_1_209' title='bbox 2884 3990 3054 4053; x_wconf 90' lang='lat' dir='ltr'><strong>quos</strong></span> 
     </span>
     <span class='ocr_line' id='line_1_32' title="bbox 1189 4069 3056 4152; baseline 0.001 -21"><span class='ocrx_word' id='word_1_210' title='bbox 1189 4075 1636 4132; x_wconf 81' lang='lat' dir='ltr'><strong>exauctorent</strong></span> <span class='ocrx_word' id='word_1_211' title='bbox 1677 4070 1977 4151; x_wconf 89' lang='lat' dir='ltr'><strong>episcopi</strong></span> <span class='ocrx_word' id='word_1_212' title='bbox 2017 4088 2062 4132; x_wconf 90' lang='lat' dir='ltr'><strong>a</strong></span> <span class='ocrx_word' id='word_1_213' title='bbox 2105 4088 2312 4133; x_wconf 89' lang='lat' dir='ltr'><strong>manu</strong></span> <span class='ocrx_word' id='word_1_214' title='bbox 2352 4069 2580 4132; x_wconf 88' lang='lat' dir='ltr'><strong>laicali</strong></span> <span class='ocrx_word' id='word_1_215' title='bbox 2622 4069 3056 4152; x_wconf 91' lang='lat' dir='ltr'><strong>postmodum</strong></span> 
     </span>
     <span class='ocr_line' id='line_1_33' title="bbox 1187 4167 3058 4251; baseline 0.002 -22"><span class='ocrx_word' id='word_1_216' title='bbox 1187 4186 1323 4231; x_wconf 90' lang='lat' dir='ltr'><strong>non</strong></span> <span class='ocrx_word' id='word_1_217' title='bbox 1370 4168 1796 4249; x_wconf 89' lang='lat' dir='ltr'><strong>punirentur,</strong></span> <span class='ocrx_word' id='word_1_218' title='bbox 1836 4167 1998 4250; x_wconf 89' lang='lat' dir='ltr'><strong>quia</strong></span> <span class='ocrx_word' id='word_1_219' title='bbox 2044 4169 2151 4231; x_wconf 92' lang='lat' dir='ltr'><strong>bis</strong></span> <span class='ocrx_word' id='word_1_220' title='bbox 2197 4168 2269 4231; x_wconf 90' lang='lat' dir='ltr'><strong>in</strong></span> <span class='ocrx_word' id='word_1_221' title='bbox 2312 4167 2381 4231; x_wconf 91' lang='lat' dir='ltr'><strong>id</strong></span> <span class='ocrx_word' id='word_1_222' title='bbox 2424 4168 2648 4250; x_wconf 89' lang='lat' dir='ltr'><strong>ipsum</strong></span> <span class='ocrx_word' id='word_1_223' title='bbox 2692 4168 2918 4251; x_wconf 89' lang='lat' dir='ltr'><strong>puniri</strong></span> <span class='ocrx_word' id='word_1_224' title='bbox 2951 4171 3058 4232; x_wconf 88' lang='lat' dir='ltr'><strong>vi-</strong></span> 
     </span>
     <span class='ocr_line' id='line_1_34' title="bbox 1185 4266 3059 4349; baseline 0.001 -20"><span class='ocrx_word' id='word_1_225' title='bbox 1185 4266 1524 4332; x_wconf 86' lang='lat' dir='ltr'><strong>derentur.</strong></span> <span class='ocrx_word' id='word_1_226' title='bbox 1605 4267 1791 4330; x_wconf 89' lang='lat' dir='ltr'><strong>Huic</strong></span> <span class='ocrx_word' id='word_1_227' title='bbox 1834 4268 2315 4331; x_wconf 71' lang='lat' dir='ltr'><strong>controversia:</strong></span> <span class='ocrx_word' id='word_1_228' title='bbox 2374 4268 2702 4349; x_wconf 76' lang='lat' dir='ltr'><strong>praestitit</strong></span> <span class='ocrx_word' id='word_1_229' title='bbox 2753 4268 3059 4331; x_wconf 89' lang='lat' dir='ltr'><strong>occasio-</strong></span> 
     </span>
     <span class='ocr_line' id='line_1_35' title="bbox 1187 4359 3046 4449; baseline 0 -20"><span class='ocrx_word' id='word_1_230' title='bbox 1187 4386 1339 4429; x_wconf 89' lang='lat' dir='ltr'><strong>nem</strong></span> <span class='ocrx_word' id='word_1_231' title='bbox 1375 4366 1734 4449; x_wconf 89' lang='lat' dir='ltr'><strong>Philippus</strong></span> <span class='ocrx_word' id='word_1_232' title='bbox 1767 4359 1888 4430; x_wconf 84' lang='lat' dir='ltr'><strong>²de</strong></span> <span class='ocrx_word' id='word_1_233' title='bbox 1929 4366 2132 4444; x_wconf 89' lang='lat' dir='ltr'><strong>Broc,</strong></span> <span class='ocrx_word' id='word_1_234' title='bbox 2165 4367 2537 4430; x_wconf 86' lang='lat' dir='ltr'><strong>canonicus</strong></span> <span class='ocrx_word' id='word_1_235' title='bbox 2584 4366 3046 4430; x_wconf 85' lang='lat' dir='ltr'><strong>Bedeforden·</strong></span> 
     </span>
    </p>
   </div>
   <div class='ocr_carea' id='block_1_5' title="bbox 1184 4539 3064 4733">
    <p class='ocr_par' dir='ltr' id='par_1_5' title="bbox 1184 4539 3064 4733">
     <span class='ocr_line' id='line_1_36' title="bbox 1255 4539 3064 4612; baseline 0 -18"><span class='ocrx_word' id='word_1_236' title='bbox 1255 4541 1273 4575; x_wconf 89' lang='lat'><strong>¹</strong></span> <span class='ocrx_word' id='word_1_237' title='bbox 1289 4546 1466 4594; x_wconf 75' lang='lat' dir='ltr'><strong>Eodem</strong></span> <span class='ocrx_word' id='word_1_238' title='bbox 1483 4539 1650 4609; x_wconf 69' lang='lat' dir='ltr'><strong>annm]</strong></span> <span class='ocrx_word' id='word_1_239' title='bbox 1675 4543 1798 4592; x_wconf 78' lang='lat' dir='ltr'><strong>This</strong></span> <span class='ocrx_word' id='word_1_240' title='bbox 1819 4543 2025 4605; x_wconf 85' lang='lat' dir='ltr'><strong>chapter</strong></span> <span class='ocrx_word' id='word_1_241' title='bbox 2044 4544 2090 4593; x_wconf 81' lang='lat' dir='ltr'><strong>is</strong></span> <span class='ocrx_word' id='word_1_242' title='bbox 2204 4540 2318 4592; x_wconf 77' lang='lat' dir='ltr'><strong>&#39;De</strong></span> <span class='ocrx_word' id='word_1_243' title='bbox 2356 4539 2547 4612; x_wconf 77' lang='lat' dir='ltr'><strong>Broc,]</strong></span> <span class='ocrx_word' id='word_1_244' title='bbox 2592 4543 2611 4573; x_wconf 84' lang='lat'>‘</span> <span class='ocrx_word' id='word_1_245' title='bbox 2627 4544 2691 4593; x_wconf 86' lang='lat' dir='ltr'><strong>de</strong></span> <span class='ocrx_word' id='word_1_246' title='bbox 2722 4539 2916 4603; x_wconf 75' lang='lat' dir='ltr'><strong>Brois3&#39;</strong></span> <span class='ocrx_word' id='word_1_247' title='bbox 2950 4545 3064 4594; x_wconf 72' lang='lat' dir='ltr'><strong>Ste-</strong></span> 
     </span>
     <span class='ocr_line' id='line_1_37' title="bbox 1184 4613 3060 4733; baseline 0 -69"><span class='ocrx_word' id='word_1_248' title='bbox 1184 4614 1338 4733; x_wconf 46' lang='lat' dir='ltr'><strong>gaglgen</strong></span> <span class='ocrx_word' id='word_1_249' title='bbox 1358 4615 1595 4664; x_wconf 80' lang='lat' dir='ltr'><strong>verbatim</strong></span> <span class='ocrx_word' id='word_1_250' title='bbox 1616 4613 1739 4663; x_wconf 76' lang='lat' dir='ltr'><strong>from</strong></span> <span class='ocrx_word' id='word_1_251' title='bbox 1774 4613 1972 4677; x_wconf 84' lang='lat' dir='ltr'><strong>Diceto,</strong></span> <span class='ocrx_word' id='word_1_252' title='bbox 1993 4613 2089 4663; x_wconf 91' lang='lat' dir='ltr'><strong>col.</strong></span> <span class='ocrx_word' id='word_1_253' title='bbox 2137 4613 2288 4731; x_wconf 50' lang='grc' dir='ltr'><strong>ἔξω.</strong></span> <span class='ocrx_word' id='word_1_254' title='bbox 2324 4629 2376 4675; x_wconf 87' lang='lat' dir='ltr'><strong>p.</strong></span> <span class='ocrx_word' id='word_1_255' title='bbox 2412 4617 2494 4676; x_wconf 73' lang='lat'><strong>82,</strong></span> <span class='ocrx_word' id='word_1_256' title='bbox 2522 4613 2620 4662; x_wconf 83' lang='lat' dir='ltr'><strong>and</strong></span> <span class='ocrx_word' id='word_1_257' title='bbox 2659 4613 2966 4675; x_wconf 73' lang='lat' dir='ltr'><strong>Quadrilog.</strong></span> <span class='ocrx_word' id='word_1_258' title='bbox 3004 4630 3060 4676; x_wconf 87' lang='lat' dir='ltr'><strong>p.</strong></span> 
     </span>
    </p>
   </div>
  </div>
 </body>
</html>
