3457 5887
965 763 1240 811 nonas
1288 763 1821 812 msa-onustum.
2249 751 2334 815 15

457 921 626 985 Erat
699 927 928 986 autem
988 921 1331 986 Radulfus
1407 941 1496 986 ex
1569 929 1787 986 matre
1847 919 2188 985 wallensi
2263 927 2333 985 et
2357 937 2464 978 an.
2488 938 2596 978 10⁷4.

453 1028 648 1103 patre
697 1020 994 1103 Anglico
1046 1029 1438 1104 generatuS,
1492 1028 1585 1098 et,
1635 1022 1816 1085 sicut
1861 1019 2186 1095 diximus,
2226 1020 2332 1083 in-

454 1126 682 1184 stante
728 1120 839 1183 die
887 1122 1302 1203 nuptiarum,
1347 1122 1701 1204 utriusque
1750 1120 1967 1202 partis
2015 1120 2215 1182 amici
2259 1120 2331 1182 in

455 1218 622 1282 villa
653 1218 1080 1283 Norwicensi
1110 1240 1264 1284 cum
1296 1220 1697 1302 congregati
1730 1218 2042 1295 fuissent,
2077 1225 2146 1281 et
2173 1226 2330 1300 post

454 1318 888 1383 refectionem
952 1318 1399 1383 lautissimam
1461 1319 1623 1383 vino
1699 1318 2014 1381 inebriati
2079 1324 2328 1394 essent,

455 1425 811 1500 coeperunt
849 1418 1263 1482 unanimiter
1299 1419 1369 1481 in
1412 1437 1641 1500 regem
1684 1416 2135 1500 proditionem
2165 1436 2331 1481 voce

455 1516 760 1580 clamosa
788 1518 1218 1600 conspirare3
1256 1525 1636 1581 asserentes
1664 1516 2001 1580 hominem
2035 1516 2105 1578 in
2135 1516 2330 1579 adul-

456 1616 630 1678 terio
666 1623 924 1693 natum,
960 1624 1037 1680 ut
1068 1624 1263 1680 tanto
1291 1636 1503 1699 regno
1535 1616 1924 1698 talibusque
1952 1615 2120 1680 viris
2155 1635 2330 1697 prae-

456 1722 660 1791 esset,
703 1715 978 1780 minime
1021 1716 1402 1781 convenire.
1507 1715 1725 1779 Erant
1769 1714 1971 1798 hujus
2015 1714 2330 1779 factionis

456 1813 819 1896 complices
853 1814 1194 1897 Rogerus,
1227 1814 1657 1879 Weltheofus
1706 1822 1777 1879 et
1813 1813 2175 1890 Radulfus,
2215 1834 2329 1879 co-

457 1913 679 1989 mites,
732 1914 962 1996 plures
1022 1913 1321 1997 episcopi
1385 1922 1455 1979 et
1500 1915 1808 1991 abbates,
1861 1932 2015 1977 cum
2064 1913 2334 1977 baroni-

455 2011 587 2074 bus
638 2020 709 2076 et
762 2012 1205 2077 bellatoribus
1266 2013 1522 2090 multis,
1569 2014 1689 2096 qui
1742 2013 2189 2077 communiter
2242 2012 2327 2076 ad

458 2129 692 2190 regem
724 2110 1077 2174 Danorum
1110 2113 1384 2175 nuntios
1418 2113 1785 2192 dirigentes
1818 2111 2152 2175 auxilium
2177 2111 2330 2196 ejus

458 2207 830 2272 instantius
881 2210 1332 2291 flagitabant3
1384 2211 1648 2287 deinde,
1689 2210 2151 2275 wallensibus
2199 2212 2330 2275 sibi

462 2306 965 2385 confoederatis,
999 2310 1466 2392 unusquisque
1503 2310 1574 2373 in
1621 2328 1750 2372 sua
1778 2315 2142 2391 potestate,
2173 2310 2332 2389 igne

459 2407 886 2470 accumulato
929 2408 1001 2471 in
1049 2408 1228 2471 villis
1286 2410 1515 2490 regiiS,
1570 2409 1830 2491 rapinis
1888 2407 2333 2490 indulgebat3

457 2503 574 2567 sed
610 2506 988 2583 castellani,
1019 2506 1138 2590 qui
1172 2514 1402 2571 castra
1429 2507 1613 2589 regis
1646 2507 2148 2583 custodiebant,
2180 2526 2335 2571 cum

454 2604 725 2686 populis
757 2605 1290 2687 provincialibus
1321 2607 1419 2670 eis
1445 2607 1715 2671 obviam
1747 2607 2125 2682 venientes,
2145 2606 2333 2688 ipso-

453 2722 604 2766 rum
645 2704 913 2767 irritare
956 2706 1384 2787 propositum
1431 2705 1857 2769 laborabant.
1961 2704 2158 2768 Tunc
2201 2725 2328 2769 rex

457 2801 846 2866 Willelmus
889 2804 1115 2867 subito
1158 2803 1244 2866 de
1289 2804 1716 2868 Normannia
1758 2804 2049 2880 redienS,
2094 2803 2328 2885 Roge-

458 2919 612 2964 rum
667 2902 1006 2979 comitem,
1049 2909 1423 2984 cognatum
1469 2922 1690 2980 suum,
1747 2909 1818 2966 et
1863 2901 2331 2967 Weltheofum

461 3000 670 3082 cepit,
707 3006 778 3064 et
807 3001 1101 3064 vinculis
1135 3002 1538 3066 constrictos
1581 3003 1711 3064 sub
1744 3002 2068 3065 carcerali
2108 3010 2335 3065 custo-

459 3097 574 3160 dia
603 3098 997 3181 deputavit3
1042 3100 1225 3182 quod
1261 3119 1484 3164 comes
1516 3099 1863 3164 Radulfus
1892 3119 2049 3163 cum
2088 3120 2338 3181 cogno-

456 3196 691 3274 visset,
727 3199 815 3261 ab
850 3197 1111 3280 Anglia
1145 3198 1626 3263 tremebundus
1661 3200 1968 3263 recessit.
2071 3199 2338 3263 Deinde

455 3308 580 3359 'rex
608 3296 997 3360 Willelmus
1041 3298 1130 3361 ad
1166 3297 1559 3362 Norwicum
1609 3298 1984 3363 exercitum
2035 3299 2334 3374 mittens,

459 3395 716 3459 tamdiu
760 3416 1043 3461 uxorem
1097 3396 1375 3461 Radulfi
1424 3397 1690 3461 comitis
1741 3396 2006 3461 obsedit
2057 3398 2130 3460 in
2180 3416 2333 3460 cas-

460 3493 622 3558 tello
652 3515 806 3558 cum
840 3496 1101 3559 familia
1131 3515 1280 3573 sua,
1302 3515 1681 3578 quousque,
1700 3495 2171 3560 deficientibus
2202 3496 2332 3559 sibi

458 3592 822 3670 alimentis,
871 3596 1182 3677 praestita
1227 3596 1545 3660 cautione
1594 3595 1958 3679 juratoria,
2006 3594 2190 3678 quod
2246 3597 2334 3658 ab

460 3691 717 3773 Anglia
743 3694 1110 3770 recederet,
1139 3714 1277 3759 non
1305 3695 1528 3759 denuo
1559 3695 1919 3759 reversuri.
2020 3694 2333 3759 Wallen-

461 3808 571 3853 ses
615 3811 802 3868 vero,
852 3794 970 3875 qui
1015 3792 1321 3875 praefatis
1369 3792 1821 3857 interfuerant
1882 3792 2164 3875 nuptiiS,
2208 3813 2334 3857 rex

459 3889 847 3954 Willelmus
865 3891 1195 3973 quosdam
1219 3893 1585 3956 luminibus
1603 3893 1814 3976 jussit
1835 3893 2114 3975 privari,
2134 3911 2339 3973 quos-

461 3988 619 4052 dam
665 3991 737 4052 in
779 3990 1097 4053 exsilium
1132 3992 1309 4073 cogi,
1345 3990 1704 4056 nonnullos
1747 4011 1910 4056 vero
1953 3991 2114 4056 fecit
2160 3992 2338 4074 pati-

458 4087 622 4152 bulo
670 4089 1016 4172 suspendi.
1120 4090 1212 4154 Et
1260 4090 1366 4154 his
1421 4090 1522 4153 ita
1576 4090 1814 4171 gestis,
1864 4098 2198 4154 venerunt
2248 4108 2338 4153 ex
2397 4169 2405 4176 .

462 4186 684 4250 Dacia
719 4187 947 4252 Cnuto
988 4189 1171 4252 filius
1209 4189 1440 4253 Swani
1495 4196 1564 4252 et
1597 4188 1850 4253 Hacon
1899 4209 2150 4266 comes,
2183 4208 2336 4253 cum

461 4286 752 4350 navibus
783 4287 1095 4351 ducentis
1123 4296 1391 4354 armata
1423 4308 1630 4351 manu
1672 4288 1990 4370 repletis;
2038 4288 2180 4364 sed,
2216 4307 2338 4352 au-

460 4385 722 4450 dientes
754 4386 840 4450 de
864 4387 1244 4452 fautoribus
1278 4389 1419 4452 suis
1451 4387 1634 4470 quod
1666 4388 1919 4452 factum
1951 4387 2199 4464 fuerat,
2233 4407 2340 4450 re-

463 4486 660 4549 tortis
706 4486 878 4550 velis
934 4487 1021 4550 ad
1057 4486 1447 4552 Flandriam
1491 4487 1931 4568 navigarunt,
1979 4505 2134 4551 cum
2164 4485 2341 4551 Wil-
