3457 5887
955 828 1230 877 rmnsss
1275 827 1808 878 ms'romanuu.
2235 813 2318 877 41

440 983 650 1067 juxta
691 985 1255 1048 consuetudinem
1290 984 1360 1047 in
1391 982 1693 1065 capitulo
1742 981 2119 1047 considere.
2222 982 2321 1049 At
2344 1001 2453 1043 mn.
2475 1003 2588 1042 1001.

449 1082 841 1146 cellararius
885 1084 1009 1146 tali
1036 1084 1300 1148 visione
1340 1083 1745 1164 perterritus
1783 1082 2023 1163 sugere
2067 1082 2318 1165 coepit;

445 1182 589 1257 sed,
617 1182 864 1245 abbate
882 1181 1195 1264 jubente,
1243 1201 1287 1244 a
1326 1181 1651 1244 fratribus
1695 1188 1942 1263 captus
1987 1188 2093 1244 est
2135 1188 2205 1244 et
2246 1182 2320 1244 in

446 1280 819 1361 capitulum
866 1280 1220 1344 adductus.
1325 1280 1734 1361 Increpatus
1772 1299 1937 1361 ergo
1981 1289 2050 1343 et
2085 1281 2317 1361 gravi-

446 1385 552 1442 ter
583 1378 871 1460 flagellis
904 1378 1196 1443 afflictus
1231 1377 1494 1443 audivit
1527 1380 1843 1442 abbatem
1874 1378 2098 1443 dicere
2131 1399 2316 1443 com-

448 1476 794 1557 minando,
858 1478 1061 1541 nimis
1112 1497 1262 1541 esse
1303 1485 1926 1559 praesumptuosum
1970 1477 2055 1540 de
2099 1485 2317 1541 morte

447 1575 727 1639 alterius
795 1577 1183 1659 quempiam
1246 1577 1509 1639 lucrum
1579 1594 1910 1657 quaerere,
1974 1577 2317 1658 praecipue

447 1692 601 1736 cum
644 1676 813 1738 mori
865 1676 1180 1739 omnibus
1218 1676 1310 1739 sit
1348 1694 1748 1753 commune;
1795 1673 2057 1739 addidit
2085 1676 2316 1753 etiam,

447 1773 726 1855 impium
789 1794 962 1851 esse,
1021 1794 1176 1838 cum
1241 1772 1614 1837 monachus
1668 1792 1935 1837 omnem
1985 1775 2197 1839 vitam
2243 1775 2317 1837 in

445 1872 906 1937 ecclesiastico
962 1874 1458 1954 consumpserit
1507 1870 1754 1948 officio,
1812 1871 2004 1936 illum
2070 1872 2314 1937 saltem

446 1978 607 2051 post
651 1979 937 2035 mortem
991 1973 1195 2035 unius
1245 1972 1407 2033 anni
1453 1970 1651 2035 vitali
1710 1970 2096 2034 defraudari
2151 1972 2314 2034 sub-

448 2068 624 2133 sidio
656 2089 677 2148 3
721 2074 741 2103 ‘
766 2068 1008 2147 Vade,'
1036 2070 1262 2151 inquit
1294 2070 1531 2145 abbaS,
1559 2074 1579 2103 ‘
1616 2069 1781 2151 quia
1813 2070 1950 2133 cito
1982 2071 2312 2148 morieris,

451 2174 523 2230 et
555 2166 802 2231 fratres
848 2168 1018 2231 alios
1063 2175 1184 2231 tuo
1233 2168 1496 2248 corrige
1545 2169 1883 2250 exemplo,
1924 2187 2097 2249 quos
2146 2188 2313 2233 ava-

451 2265 632 2329 ritiae
680 2266 1044 2348 corrupisti
1100 2264 1549 2329 documento?
1656 2264 1847 2329 Abiit
1896 2286 2059 2347 ergo
2103 2267 2316 2331 frater

445 2365 563 2428 ille
613 2364 702 2427 ad
757 2365 978 2428 socios
1029 2383 1215 2440 suoS,
1265 2372 1336 2428 et
1385 2363 1555 2427 n’ihil
1588 2365 1915 2428 vanitatis
1959 2384 2035 2428 se
2063 2365 2316 2429 vidisse

447 2470 590 2526 tam
657 2464 1044 2528 recentibus
1106 2463 1333 2546 plagis
1391 2482 1596 2544 quam
1646 2464 1871 2528 vicino
1932 2482 2057 2528 suo
2127 2465 2316 2528 obitu

442 2561 955 2627 demonstravit.

570 2729 703 2791 Rex
745 2726 1087 2792 willelmus
1115 2726 1463 2809 infirmatus
1490 2723 1955 2788 emendationem
1984 2723 2177 2808 layum

1218 2825 1529 2909 promisit.

552 2948 758 3014 Anno
802 2950 1084 3015 Domini
1123 2965 1364 3013 chn.
1400 2941 1820 3012 ¹Willelmus
1858 2947 2095 3030 junior
2137 2946 2319 3028 apud
2341 2962 2592 3053 gaggam}

452 3047 899 3114 Gloverniam
978 3050 1256 3132 jacebat
1336 3054 1663 3129 aegrotus,
1750 3045 2321 3128 quadragesimali
2343 3063 2546 3112 ιιιοιιιιι.

445 3156 752 3230 tempore
810 3148 1209 3212 infirmatus.
1315 3145 1640 3209 Promisit
1696 3164 1844 3222 rex,
1887 3163 2033 3226 prae
2078 3145 2321 3209 timore

444 3247 687 3310 mortis
734 3255 804 3311 et
846 3245 1272 3327 aegritudinis
1316 3244 1820 3327 punctionibus,
1866 3262 2017 3307 sese
2069 3263 2319 3326 pravas

444 3346 633 3426 leges
694 3345 1206 3408 emendaturum
1255 3351 1326 3407 et
1376 3344 1448 3406 in
1500 3342 1701 3406 domo
1753 3342 2033 3406 Domini
2078 3361 2315 3424 pacem

443 3445 865 3526 positurum3
902 3438 1074 3526 ²qua
1097 3443 1181 3507 de
1209 3461 1421 3506 causa
1448 3441 1635 3505 dedit
1663 3440 2315 3523 archiepiscopatum

445 3542 1007 3607 cantuariensem
1059 3540 1388 3606 Anselmo
1449 3540 1683 3603 abbati
1750 3540 2100 3616 Beccensi,
2165 3541 2315 3604 viro

444 3642 841 3718 venerabili,
891 3650 1101 3723 atque
1145 3635 1168 3672 ³
1193 3641 1522 3715 Roberto,
1588 3645 2037 3718 cognomento
2090 3639 2316 3716 Bloet,

444 3740 852 3804 cancellario
907 3760 1060 3817 suo,
1120 3740 1306 3803 dedit
1359 3739 1829 3820 episcopatum
1882 3735 2316 3801 Lincolnien-

444 3858 589 3902 sem
615 3860 633 3917 3
679 3839 798 3902 sed
828 3859 976 3916 rex,
1006 3859 1097 3902 ex
1130 3858 1268 3921 quo
1299 3856 1511 3900 sanus
1551 3835 1832 3899 effectus
1861 3842 1988 3912 est,
2019 3836 2318 3899 ostendit

443 3957 521 4001 se
566 3938 771 4002 solito
801 3938 1225 4002 deteriorem.
1328 3936 1571 4000 Doluit
1603 3935 1782 3997 enim
1810 3952 2018 4016 supra
2044 3934 2318 3998 modum

441 4036 628 4120 quod
661 4037 1130 4119 episcopatum
1159 4034 1706 4099 Lincolniensem
1740 4051 1877 4096 non
1898 4032 2318 4110 vendiderat,

441 4136 792 4219 praecipue
821 4155 903 4199 eo
930 4135 1111 4217 quod
1143 4134 1471 4208 Thomas,
1507 4132 1961 4196 Eboracensis
1991 4131 2317 4214 archiepi-

517 4317 530 4347 ¹
558 4318 904 4383 willelmum?
920 4320 1031 4368 Rex
1042 4310 1359 4378 willelmus:
1409 4328 1512 4374 see,
1533 4314 1627 4361 but
1655 4313 1766 4362 that
1803 4312 1887 4361 the
1919 4312 2043 4375 king
2062 4311 2234 4361 whilst
2266 4312 2319 4361 in

447 4392 509 4440 C.
1409 4382 1577 4432 health
1619 4381 1721 4431 had
1764 4382 1966 4431 refused
2000 4389 2051 4431 to
2087 4383 2233 4430 listen
2267 4385 2320 4430 to

515 4455 537 4487 ²
561 4459 672 4512 Qua
692 4459 749 4506 de
771 4450 957 4522 cam]
994 4457 1211 4505 Eadmer
1242 4468 1360 4516 says
1409 4453 1493 4501 the
1516 4452 1768 4512 proponi.
1846 4452 1983 4501 Hint.
2008 4452 2140 4500 Nov.
2162 4466 2215 4512 p.
2240 4454 2319 4498 1⁶.

445 4527 557 4576 that
601 4527 809 4575 Anselm
859 4526 959 4574 had
1014 4527 1139 4576 been
1194 4524 1361 4573 before
1483 4517 1504 4548 ⁸
1523 4521 1735 4569 Roberto
1759 4555 1773 4571 .
1798 4556 1812 4571 .
1838 4556 1851 4571 .
1875 4520 2060 4584 Bacca]
2097 4520 2180 4568 He
2202 4518 2322 4568 died

450 4596 629 4645 named
664 4611 723 4645 as
754 4611 786 4644 a
818 4597 873 4643 fit
904 4609 1082 4657 person
1102 4601 1154 4644 to
1175 4595 1246 4642 fin
1278 4592 1363 4641 the
1412 4606 1476 4640 on
1498 4591 1583 4639 the
1606 4591 1723 4639 luth
1746 4589 2044 4650 ursanum
2070 4591 2214 4638 1122.
