3457 5887
1270 809 1361 874 38
1768 827 2030 875 nocam
2078 826 2174 873 nn
2218 824 2627 875 wsunovssu

955 996 1065 1038 mn.
1086 999 1196 1039 ιοοο.
1271 980 1502 1065 pedire
1529 982 1806 1045 curabo.
1909 979 2235 1045 Delatum
2264 986 2370 1045 est
2400 980 2463 1045 ei
2499 979 2895 1063 aliquando,
2923 995 3134 1060 quen-

1270 1081 1429 1144 dam
1455 1080 1542 1143 de
1569 1081 1852 1144 summis
1894 1081 2285 1163 proceribus
2332 1080 2475 1143 suis
2512 1079 2598 1143 de
2641 1098 2724 1143 eo
2766 1076 3132 1142 occidendo

1270 1198 1424 1243 cum
1450 1179 1595 1243 suis
1624 1178 1935 1244 hostibus
1967 1179 2408 1258 convenisse,
2390 1200 2406 1216 ·
2442 1198 2567 1242 rex
2597 1186 2824 1242 autem
2852 1195 3132 1241 aecusa-

1269 1278 1404 1341 tori
1453 1279 1795 1342 silentium
1831 1279 2214 1361 imperavit,
2249 1278 2438 1342 siluit
2470 1284 2539 1341 et
2568 1296 2694 1341 rex
2722 1277 2872 1359 ipse
2904 1276 3131 1358 prodi-

1271 1377 1466 1454 toriS,
1486 1379 1603 1460 qui
1630 1385 1796 1442 tunc
1824 1376 1998 1442 sorte
2029 1379 2288 1454 aberat,
2311 1377 2675 1441 adventum
2699 1382 3130 1488 exspectans:

1272 1474 1412 1554 Qui
1456 1496 1611 1540 cum
1661 1477 1747 1541 ad
1803 1477 2057 1540 curiam
2102 1495 2257 1540 cum
2305 1494 2556 1557 magno
2601 1483 2940 1557 apparatu
2987 1474 3129 1555 regi

1267 1574 1711 1639 insidiaturus
1767 1576 2092 1653 venisset,
2140 1575 2341 1659 jubet
2405 1594 2532 1639 rex
2592 1592 2855 1637 summo
2936 1591 3130 1635 mane

1269 1692 1423 1736 cum
1468 1676 1753 1738 canibus
1818 1694 2053 1739 omnes
2101 1681 2460 1739 venatores
2515 1672 2796 1750 adesse3
2862 1679 2936 1735 et
2979 1690 3128 1735 cum

1258 1771 1409 1855 jam
1457 1790 1704 1836 aurora
1737 1773 2101 1850 illuxisset,
2141 1792 2293 1849 τοι,
2321 1771 2584 1836 cunctis
2626 1771 3020 1853 proceribus
3060 1776 3129 1834 et

1267 1869 1594 1934 militibus
1651 1872 2031 1949 advocatis,
2071 1880 2396 1936 venatum
2437 1872 2538 1935 ire
2588 1869 2893 1946 festinat,
2937 1869 3124 1933 veni-

1267 1988 1524 2051 ensque
1573 1969 1662 2032 ad
1720 1970 2061 2051 quandam
2125 1970 2338 2034 latam
2387 1969 2762 2052 planitiem,
2805 1987 3012 2050 quam
3053 1968 3125 2031 in

1265 2067 1541 2131 modum
1601 2087 1871 2133 coronae
1917 2069 2096 2135 silva
2156 2068 2558 2133 densissima
2616 2068 2959 2149 cingebat,
3001 2085 3124 2130 rex

1264 2185 1492 2230 secum
1536 2168 1608 2231 in
1645 2186 1730 2231 ea
1769 2186 1967 2231 suum
2014 2169 2294 2232 retinuit
2326 2168 2761 2251 proditorem,
2788 2185 3127 2230 seorsum-

1262 2284 1418 2347 que,
1453 2266 1606 2330 aliis
1656 2285 1861 2330 canes
1899 2273 1969 2330 et
1998 2266 2177 2330 seras
2209 2266 2745 2349 insequentibus,
2772 2283 2818 2329 a
2860 2266 3128 2329 caeteris

1260 2364 1450 2428 solus
1500 2383 1653 2428 cum
1703 2365 1851 2430 solo
1894 2366 2195 2430 recessit.
2296 2364 2409 2429 Ab
2455 2365 2640 2430 omni
2682 2364 2977 2446 denique
3019 2382 3126 2427 re·

1259 2470 1485 2527 motus
1537 2473 1821 2547 aspectu
1855 2465 2161 2529 substitit
2193 2484 2343 2542 rex,
2371 2471 2442 2528 et
2472 2464 2841 2546 respiciens
2868 2465 2941 2526 in
2969 2483 3125 2545 pro-

1259 2561 1545 2626 ditorem
1606 2563 1829 2643 dixit3
1883 2568 1905 2598 ‘
1933 2563 2154 2640 Ecce,’
2205 2564 2449 2645 inquit,
2499 2569 2519 2597 ‘
2539 2582 2670 2644 ego
2731 2569 2802 2627 et
2854 2570 2934 2625 tu
2982 2582 3123 2626 me·

1258 2678 1435 2737 cum,
1497 2661 1685 2725 solus
1749 2681 1903 2725 cum
1946 2662 2117 2740 solo,
2173 2663 2507 2726 similibus
2553 2660 2844 2744 protecti
2892 2663 3121 2739 armis,

1259 2759 1453 2841 equis
1482 2760 1815 2824 similibus
1842 2762 2046 2837 vecti,
2076 2780 2214 2824 non
2259 2768 2366 2825 est
2399 2762 2517 2844 qui
2543 2762 2797 2838 videat,
2833 2779 2973 2824 non
3016 2768 3124 2824 est

1260 2859 1378 2940 qui
1407 2858 1666 2937 audiat,
1700 2879 1826 2923 nec
1858 2858 1976 2942 qui
2012 2859 2209 2924 alteri
2249 2867 2555 2924 nostrum
2589 2858 2990 2941 suffragium
3022 2859 3121 2923 se-

1258 2966 1411 3037 rat;
1456 2960 1515 3023 si
1549 2959 1761 3040 igitur
1791 2959 1999 3024 habes
2030 2980 2170 3036 cor,
2203 2959 2265 3023 si
2295 2961 2507 3036 vales,
2551 2961 2612 3022 si
2646 2958 2882 3036 andoe,
2910 2960 3120 3042 imple

1258 3058 1442 3139 quod
1471 3059 1911 3142 proposuisti,
1929 3059 2129 3122 redde
2157 3058 2467 3123 hostibus
2495 3058 2663 3122 meis
2689 3066 2758 3121 et
2779 3059 3120 3140 complici-

1256 3156 1386 3218 bus
1410 3158 1543 3220 tuis
1572 3157 1754 3238 quod
1783 3158 2174 3239 promisisti.
2237 3157 2309 3221 Si
2339 3159 2514 3221 enim
2544 3177 2653 3220 me
2680 3158 3119 3221 occidendum

1255 3262 1486 3335 putas,
1519 3254 1793 3335 quando
1832 3256 2105 3333 rectius,
2149 3256 2423 3339 qnando
2456 3257 2808 3333 secretius,
2842 3257 3117 3339 quando

1256 3351 1570 3432 virilius3
1648 3353 1707 3415 si
1767 3371 2099 3417 venenum
2160 3356 2444 3436 parasti,
2499 3355 2628 3418 hoc
2685 3355 3116 3420 muliercula-

1255 3470 1404 3514 rum
1453 3470 1602 3514 esse
1633 3452 1788 3533 quis
1819 3453 2130 3518 nesciat?
2210 3453 2283 3518 Si
2310 3454 2562 3518 lectulo
2589 3454 2956 3530 insidiaris,
2989 3455 3118 3519 hoc

1255 3549 1581 3614 adulterae
1630 3558 1958 3633 possunt3
2019 3553 2080 3615 si
2132 3554 2384 3616 ferrum
2450 3561 2531 3616 ut
2590 3553 2854 3617 occulte
2908 3553 3115 3617 serias

1253 3649 1692 3727 abscondisti,
1738 3649 1866 3714 hoc
1920 3649 2147 3715 sicarii
2199 3659 2269 3716 et
2310 3672 2447 3717 non
2491 3652 2725 3716 militis
2770 3671 2921 3716 esse
2969 3651 3117 3716 offi-

1251 3748 1452 3827 cium,
1479 3769 1678 3815 nemo
1708 3756 1816 3813 est
1847 3750 1965 3832 qui
1996 3750 2279 3815 dubitet.
2379 3750 2536 3833 Age
2578 3770 2742 3832 ergo
2770 3752 2952 3833 quod
2982 3753 3115 3815 viri

1250 3855 1357 3911 est
1399 3857 1469 3913 et
1499 3850 1760 3926 militis,
1811 3856 1882 3913 et
1922 3849 2108 3912 solus
2157 3869 2311 3914 cum
2358 3851 2506 3914 solo
2557 3851 2989 3932 congredere,
3032 3858 3113 3916 ut

1247 3946 1489 4009 saltem
1535 3948 1832 4029 proditio
1861 3955 1984 4012 tua
2011 3948 2434 4030 turpitudine
2475 3958 2729 4027 careat,
2760 3969 2917 4031 quae
2957 3949 3113 4013 infi-

1245 4043 1525 4109 delitate
1578 4066 1810 4111 carere
1866 4066 2001 4111 non
2053 4048 2326 4129 potest.’
2429 4048 2635 4112 Miles
2686 4055 2912 4112 autem
2960 4048 3110 4112 haec

1247 4142 1549 4221 audiens,
1595 4164 1760 4209 mox
1790 4146 2014 4210 verbis
2048 4147 2227 4228 regis
2260 4147 2458 4229 quasi
2503 4147 2700 4228 gravi
2742 4165 3108 4229 percussus

1245 4240 1548 4320 fulmine,
1603 4264 1692 4308 ex
1758 4264 1934 4327 equo
1993 4245 2062 4307 in
2123 4252 2373 4309 terram
2433 4245 2712 4323 corruit,
2765 4247 3108 4330 armisque

1241 4341 1565 4424 projectis
1615 4344 1702 4406 ad
1747 4343 1952 4426 pedes
2004 4344 2226 4425 regios
2266 4365 2417 4409 cum
2460 4344 2829 4428 lachrymis
2867 4354 2937 4410 et
2969 4353 3107 4409 tre-

1240 4459 1429 4505 more
1474 4443 1793 4506 cucurrit.
1897 4441 2028 4507 Cui
2073 4463 2223 4521 rex,
2267 4443 2478 4509 ‘Noli
2523 4444 2809 4522 timere,’
2855 4444 3104 4526 inquit,

1242 4541 1445 4622 ‘quia
1478 4540 1641 4604 nihil
1673 4542 1834 4606 mali
1878 4561 1920 4606 a
1964 4562 2070 4607 me
2098 4543 2428 4626 patieris:
2530 4542 2670 4622 Qui
2713 4562 2868 4608 cum
2913 4544 2973 4607 ei
3019 4543 3104 4607 de
