3457 5887
896 1021 1006 1062 A.D.
1025 1023 1139 1063 1⁰⁹9.

893 1072 1067 1121 Histoi-y
1084 1073 1132 1113 of

1218 830 1346 900 154
1704 845 1970 898 nocam
2025 845 2117 892 nn
2160 843 2571 894 wannovnn

1216 1012 1530 1087 peratore
1569 1005 1643 1070 in
1694 1004 1946 1070 montis
1992 1003 2315 1070 verticem
2362 1010 2512 1067 tota
2564 1002 2899 1066 translata
2946 1009 3072 1078 est,

888 1122 1189 1165 mem-nau.
1212 1106 1313 1168 ita
1334 1111 1413 1168 ut
1442 1103 1820 1167 Dominicae
1847 1104 2185 1186 passionis
2219 1110 2289 1166 et
2319 1103 2832 1167 resurrectionis
2862 1103 3070 1176 locu&

887 1591 1132 1691 w

1210 1204 1330 1286 qui
1372 1204 1563 1286 prius
1608 1210 1808 1267 extra
1855 1203 2090 1266 urbem
2139 1202 2384 1278 fuerat,
2433 1202 2598 1265 urbe
2635 1200 3068 1275 reaedificata,

1207 1302 1388 1370 infra
1413 1321 1763 1370 murorum
1795 1302 2124 1366 ambitum
2154 1301 2603 1366 clauderetur.

1330 1476 1429 1539 De
1457 1473 1601 1539 locis
1627 1471 2063 1539 venerabilibus
2092 1474 2274 1559 infra
2301 1482 2578 1537 sanctam
2607 1471 2936 1535 civitatem.

1310 1597 1488 1663 Haec
1538 1606 1764 1666 autem
1816 1604 2059 1663 sancta
2115 1602 2186 1659 et
2230 1596 2384 1659 Deo
2428 1595 2680 1660 dilecta
2720 1595 2967 1659 civitas
3007 1600 3071 1656 et

1206 1697 1427 1763 minor
1455 1698 1772 1764 maximis
1816 1704 1923 1761 est
1965 1709 2036 1761 et
2076 1695 2528 1760 mediocribus
2568 1695 2817 1778 major,
2857 1694 3068 1757 forma

1204 1795 1475 1877 quidem
1527 1797 1849 1878 oblonga,
1894 1806 1967 1862 et
2006 1802 2202 1877 parte
2247 1795 2465 1859 altera
2507 1794 2820 1874 longiore
2862 1800 3066 1857 tetra·

1202 1913 1408 1976 gona,
1450 1895 1748 1964 vallibus
1795 1893 2151 1978 profundis
2204 1895 2275 1957 in
2321 1894 2537 1958 tribus
2582 1893 2897 1976 partibus
2949 1893 3066 1955 cir-

1206 2002 1581 2076 cumsepta.
1684 1993 1872 2064 Nam
1915 1995 2003 2058 ab
2047 1993 2304 2060 oriente
2348 1993 2594 2057 vallem
2627 1992 2837 2055 habet
2866 1990 2913 2056 J
2918 2010 3062 2054 osa·

1200 2092 1393 2175 phat,
1425 2094 1499 2157 in
1531 2092 1730 2177 cujus
1757 2094 1896 2158 imo
1927 2094 2064 2158 sita
2091 2100 2197 2157 est
2228 2092 2516 2157 ecclesia
2536 2091 2669 2155 Dei
2696 2091 3061 2173 genitricis,

1202 2193 1316 2256 ubi
1367 2193 1641 2276 sepulta
1667 2193 1966 2257 creditur
2011 2199 2082 2256 et
2115 2192 2488 2273 gloriosum
2535 2192 2687 2275 ejus
2729 2199 3061 2254 monstra-

1200 2297 1314 2357 tur
1342 2292 1815 2374 sepulchrum3
1861 2292 1989 2355 sub
2034 2310 2171 2374 qua
2204 2298 2313 2355 est
2348 2298 2615 2354 torrens
2643 2290 2945 2365 Cedron,
2981 2309 3060 2353 ex

1198 2391 1397 2474 aquis
1430 2392 1845 2474 pluvialibus
1867 2397 2082 2467 ortus»,
2109 2391 2193 2454 de
2226 2409 2364 2472 quo
2397 2391 2668 2467 dicitur,
2686 2396 2706 2424 ‘
2729 2389 3061 2471 Egressus

1199 2488 1347 2573 ejus
1405 2498 1598 2555 trans
1662 2498 2029 2556 torrentem
2090 2488 2406 2566 Cedron,'
2454 2498 2524 2554 et
2578 2497 2850 2553 caetera.
2955 2486 3061 2552 Ab

1196 2596 1431 2653 austro
1475 2590 1681 2653 habet
1711 2589 1963 2656 vallem
2002 2589 2272 2666 Ennon,
2317 2588 2662 2672 praedictae
2692 2588 2855 2653 valli
2897 2607 3060 2652 con-

1196 2688 1483 2769 tiguam,
1554 2708 1709 2771 quae
1764 2689 1968 2753 sortis
2030 2689 2393 2772 Benjamin
2449 2695 2519 2752 et
2568 2688 2615 2753 J
2620 2687 2771 2751 udae
2818 2687 2946 2751 suit
2988 2688 3063 2751 in

1194 2785 1497 2853 funiculo
1564 2788 2084 2865 distributionis,
2147 2795 2219 2852 et
2277 2787 2435 2851 inde
2505 2807 2578 2851 se
2642 2788 2908 2868 erigens
2972 2787 3062 2850 ad

1192 2887 1515 2952 verticem
1547 2887 1825 2966 montiS,
1856 2887 1976 2970 qui
2007 2893 2114 2952 est
2140 2894 2381 2951 contra
2411 2887 2741 2953 Beennon
2772 2886 2861 2951 ad
2889 2886 3067 2951 occi-

1193 2986 1489 3064 dentem,
1532 2988 1606 3051 in
1649 3006 1789 3069 qua
1830 2994 1936 3051 est
1969 2985 2496 3063 Acheldemach,
2549 2987 2680 3052 hoc
2733 2996 2842 3051 est
2900 3006 3064 3068 ager

1193 3086 1574 3169 sanguinis,
1621 3093 1891 3168 emptus
1933 3085 2017 3154 de
2060 3087 2281 3169 pretio
2325 3087 2606 3151 Domini
2648 3088 2721 3150 in
2754 3087 3061 3169 sepultu-

1193 3204 1339 3250 ram
1369 3186 1904 3269 peregrinorum,
2003 3184 2117 3249 Ab
2159 3186 2507 3250 occidente
2541 3206 2706 3251 vero
2753 3186 3061 3269 ejusdem

1192 3286 1393 3349 vallis
1446 3286 1672 3365 habet„
1694 3292 1984 3368 partem,
2033 3286 2104 3349 in
2158 3304 2297 3367 qua
2344 3286 2481 3349 sita
2526 3293 2633 3348 est
2675 3292 2877 3350 vetus
2922 3286 3059 3367 pis-

1190 3384 1367 3461 cina,
1401 3405 1556 3468 quae
1592 3384 1877 3448 celebris
1916 3385 2045 3448 suit
2088 3385 2503 3466 temporibus
2544 3403 2786 3465 regum
2830 3384 2877 3449 J
2880 3385 3058 3461 udae,

1188 3489 1259 3545 et
1289 3483 1445 3547 inde
1477 3484 1905 3565 protenditur
1931 3484 2016 3548 ad
2052 3484 2383 3569 piscinam
2425 3484 2867 3566 superiorem,
2902 3503 3058 3566 quae

1190 3578 1608 3647 Patriarchae
1649 3582 1922 3660 dicitur,
1950 3583 2161 3666 juxta
2204 3584 2675 3659 coemiterium,
2715 3582 2898 3664 quod
2954 3593 3063 3649 est

1185 3679 1257 3751 in
1286 3681 1636 3763 spelunca,
1668 3701 1821 3764 quae
1862 3683 2381 3764 cognominatur
2430 3682 2704 3747 Leonis,
2795 3680 2862 3745 A
2901 3701 3059 3764 sep-

1185 3780 1522 3845 tentrione
1548 3780 1950 3862 vero-plano
1989 3782 2231 3845 itinere
2265 3781 2353 3846 ad
2402 3783 2640 3845 urbem
2684 3781 3060 3858 acceditur,

1184 3878 1254 3941 in
1289 3898 1424 3961 quo
1450 3880 1640 3943 locus
1672 3886 1802 3956 est,
1833 3880 1950 3943 ubi
1978 3888 2440 3963 protomartyr
2468 3880 2859 3962 Stephanus
2891 3880 3065 3944 dici-

1184 3984 1297 4041 tur
1327 3978 1693 4060 lapidatus·
1781 3972 2220 4047 ¹Patriarcha
2253 3999 2524 4063 quoque
2553 3980 2760 4064 hujus
2792 3988 3060 4043 sanctae

1182 4077 1481 4142 civitatis
1543 4084 1841 4161 quatuor
1916 4078 2124 4143 habet
2194 4079 2766 4162 archiepiscop03‚
2836 4098 3057 4143 unum

1182 4175 1694 4255 Caesariensem,
1753 4178 1964 4245 alium
2027 4178 2426 4261 Tyrensem,
2484 4180 2762 4243 tertium
2819 4177 2890 4243 N
2892 4198 3060 4241 aza·

1178 4294 1465 4355 rensem,
1487 4285 1808 4359 quartum
1841 4277 2351 4355 Petracensem,
2372 4278 2441 4343 id
2476 4286 2583 4342 est
2612 4278 2875 4343 Montis
2908 4278 3060 4342 Re·

1177 4375 1392 4456 galis3
1443 4377 1700 4459 primus
1737 4384 1843 4440 est
1887 4378 1958 4440 in
1988 4378 2268 4460 regione
2303 4378 2724 4455 Palaestinae,
2762 4377 2944 4440 alius
2982 4376 3058 4440 in

1240 4564 1611 4637 latria-cm]
1648 4570 1798 4631 Upon
1819 4570 1902 4619 the
1924 4572 2080 4632 patri·
2132 4567 2342 4623 Quien’s
2362 4571 2545 4621 Oriens
2567 4570 2905 4634 Christianus,
2926 4576 3056 4619 tom.

1169 4637 1369 4688 archate
1391 4638 1449 4688 of
1471 4639 1757 4690 Jerusalem
1787 4641 1984 4690 consult
2006 4642 2078 4690 Le
2132 4642 2206 4691 iii.
2230 4642 2327 4692 col.
2353 4645 2463 4691 101.
