3457 5887
962 859 1235 909 rmass
1280 856 1814 907 urs-romanon.
2248 835 2335 901 fio

466 1020 807 1084 mabiliter
822 1017 1035 1096 fusas,
1055 1037 1260 1101 super
1275 1017 1425 1101 ejus
1442 1013 1711 1099 injuriis
1730 1020 1801 1079 et
1819 1011 2333 1096 [inJeffabilibus
2358 1023 2468 1124 ἑὲ
2477 1024 2650 1113 3233,-

464 1118 911 1182 detrimentis.
1014 1117 1186 1182 Post
1216 1117 1483 1198 lapsum
1516 1113 1937 1195 angelorum,
1970 1130 2125 1175 cnm
2156 1111 2333 1175 idem
2357 1133 2536 1166 um

470 1217 664 1281 Deus
690 1218 1013 1282 mnndum
1037 1223 1358 1292 creasset,
1384 1216 1459 1277 in
1490 1215 1707 1277 tribus
1726 1212 1874 1296 jam
1910 1212 2242 1294 partibus,
2262 1209 2334 1274 id

471 1322 601 1393 est,
641 1316 906 1394 Asiam,
949 1315 1256 1380 Africam
1299 1322 1371 1379 et
1412 1314 1756 1397 Europam
1802 1310 2217 1385 distinctum,
2264 1316 2337 1374 et

471 1414 777 1480 homines
806 1416 894 1479 ad
925 1416 1426 1498 reparationem
1459 1413 1858 1477 damnorum
1896 1408 2333 1492 supercaeles-

474 1515 644 1578 tium
687 1516 759 1578 in
791 1516 892 1579 eis
934 1514 1422 1592 constituisset,
1457 1519 1535 1575 ut
1574 1511 1705 1575 sibi
1737 1508 2145 1574 famulantes
2193 1507 2338 1571 die-

474 1619 584 1677 tas
636 1614 870 1678 mundi
913 1622 1145 1698 partes
1186 1632 1340 1678 cum
1380 1611 1713 1676 creaturis
1769 1608 2131 1684 universis,
2177 1606 2338 1670 dum

473 1713 805 1792 viverent,
857 1713 1302 1797 possiderent,
1354 1717 1425 1774 et
1480 1716 1636 1792 post
1690 1716 1979 1772 mortem
2036 1705 2340 1770 caelestia

474 1812 623 1875 sine
653 1812 786 1875 fine
829 1813 1180 1895 regnaturi
1227 1809 1780 1884 conscenderent,
1823 1808 1894 1870 in
1935 1806 2128 1870 brevi
2169 1814 2339 1870 tem-

474 1912 659 1993 poris
691 1912 978 1976 decursu
1006 1930 1205 1976 omne
1246 1928 1467 1992 genus
1501 1907 1872 1971 humanum
1906 1925 1950 1968 a
1977 1905 2340 1989 proeceptis

478 2010 725 2074 divinis
751 2031 873 2094 per
901 2010 1422 2075 inobedientiam
1455 2014 1527 2071 et
1554 2006 1956 2070 delictorum
1985 2004 2339 2068 abundan-

478 2109 650 2171 tiam
693 2129 739 2172 a
776 2109 926 2173 Deo
969 2109 1277 2185 descivit,
1322 2115 1399 2171 ut
1434 2108 1612 2171 inter
1657 2105 1964 2169 homines
1995 2105 2118 2168 vix
2159 2110 2342 2167 esset

481 2207 803 2271 inventus
861 2209 980 2290 qui
1032 2208 1287 2271 faceret
1347 2206 1626 2281 bonum,
1667 2223 1792 2267 nec
1839 2202 2083 2267 saltem
2124 2221 2343 2285 usque

482 2305 576 2369 ad
619 2325 851 2370 unum.
954 2307 1132 2370 Ecce
1191 2306 1369 2370 enim
1422 2302 1659 2368 mundi
1712 2302 2004 2366 latitudo
2055 2301 2345 2384 paganis

481 2404 865 2468 infidelibus
916 2406 1286 2470 Dominum
1337 2400 1971 2486 blasphemantibus
2028 2408 2100 2464 et
2159 2400 2349 2481 ligna

478 2501 875 2587 lapidesque
908 2505 1289 2570 colentibus
1321 2504 1528 2587 plena
1561 2507 1805 2576 scatet,
1840 2501 1943 2564 ita
1973 2499 2243 2582 quidem
2272 2506 2351 2564 ut

470 2601 616 2685 jam
647 2604 719 2666 in
747 2604 1075 2686 pudorem
1101 2622 1501 2685 paucorum,
1533 2599 1656 2683 qui
1696 2598 1920 2663 adhuc
1960 2605 2350 2681 supersunt,

480 2700 1046 2780 Christianorum,
1109 2702 1375 2787 Syriam
1431 2699 1989 2780 Armeniamque,
2049 2717 2129 2761 ac
2190 2717 2350 2780 pos-

481 2807 697 2864 tremo
729 2800 967 2865 Asiam
1001 2801 1362 2877 Minorem,
1396 2800 1503 2883 cuj
1512 2818 1594 2863 us
1627 2797 1999 2882 provinciae
2033 2803 2197 2860 sunt
2229 2797 2352 2861 Bi-

487 2897 732 2977 thinia‚
749 2899 1080 2984 Phrygia,
1098 2898 1402 2977 Galatia,
1421 2898 1666 2982 Lydia,
1691 2896 1920 2973 Caria,
1940 2895 2352 2980 Pamphilia,

489 2997 816 3076 Ysauria,
861 2999 1075 3083 Lycia
1124 3007 1195 3064 et
1235 2999 1499 3075 Cilicia,
1543 3003 1989 3080 occuparunt.
2091 2995 2210 3059 Illi
2247 2996 2352 3060 in-

484 3115 696 3179 super
724 3098 1011 3163 alteram
1045 3098 1306 3176 Asiam,
1339 3100 1410 3163 id
1439 3104 1567 3175 est,
1602 3097 1880 3161 tertiam
1919 3095 2153 3160 mundi
2196 3115 2355 3178 par-

486 3203 651 3273 tem,
674 3200 881 3288 *qnasi
920 3198 1152 3262 nidum
1189 3198 1577 3263 inhabitant
1614 3195 2143 3272 haereditarium,
2173 3214 2355 3277 quae,

479 3313 529 3358 a
557 3296 930 3380 majoribus
974 3298 1249 3376 nostris,
1283 3298 1547 3360 duabus
1576 3295 1865 3360 residuis
1909 3313 2112 3378 aequa
2137 3294 2351 3378 parti-

482 3394 634 3472 bus,
651 3402 722 3459 et
737 3402 1078 3460 tractuum
1097 3397 1521 3480 longitudine
1542 3402 1613 3459 et
1628 3394 2132 3478 provinciarum
2156 3412 2350 3475 mag-

485 3494 818 3572 nitudine,
848 3503 1081 3560 exstat
1113 3516 1250 3561 non
1278 3495 1614 3561 immerito
1641 3495 2009 3571 aestimata,
2037 3494 2154 3557 ubi
2186 3494 2351 3558 olim

485 3593 780 3675 apostoli
806 3614 1063 3673 omnes,
1090 3602 1339 3678 praeter
1360 3595 1557 3671 duos»,
1581 3601 1835 3659 mortes
1862 3612 2026 3657 suas
2058 3593 2354 3657 Domino

484 3702 1010 3773 consecrarunt3
1056 3695 1150 3759 ibi
1191 3695 1393 3758 modo
1429 3692 1829 3770 Christiani,
1861 3693 1923 3757 si
1955 3693 2075 3774 qui
2117 3711 2355 3775 super-

487 3798 673 3867 sunt,
714 3792 1025 3857 nefandis
1066 3794 1203 3857 illis
1248 3793 1549 3876 vectigal
1594 3793 1896 3857 solvunt.
1997 3791 2138 3867 Illi,
2186 3790 2356 3874 proh

486 3888 683 3954 dolor
710 3892 725 3955 !
777 3889 1108 3970 Africam,
1135 3893 1423 3957 alteram
1452 3892 1636 3958 orbis
1678 3898 1971 3976 partem,
2004 3883 2357 3954 ¹trecentis

474 3987 630 4071 jam
676 3990 875 4053 annis
922 3999 993 4055 et
1035 4012 1117 4056 eo
1160 3992 1454 4075 amplius
1504 3992 1709 4055 armis
1756 4008 2144 4074 possessam
2187 3989 2358 4054 deti-

489 4095 680 4165 nent,
707 4109 863 4171 quae
894 4091 1147 4155 dudum
1173 4098 1357 4155 terra
1380 4091 1865 4175 praeclarorum
1898 4089 2132 4154 nutrix
2169 4089 2362 4170 inge-

487 4188 783 4267 niorum,
813 4209 967 4272 quae
999 4191 1073 4254 in
1101 4190 1318 4256 literis
1343 4191 1591 4255 divinis
1635 4209 1902 4255 omnem
1933 4209 1977 4252 a
2006 4208 2080 4253 se
2123 4188 2362 4252 infide-

486 4286 707 4352 litatis
761 4309 1055 4354 errorem
1105 4290 1414 4369 detersit,
1461 4297 1540 4354 ut
1600 4297 1873 4355 constat
1924 4289 2190 4354 cunctis
2245 4288 2363 4371 qui

486 4386 729 4452 literas
793 4398 1046 4455 norunt
1091 4391 1404 4456 Latinas.
1492 4389 1806 4454 Tertium
1867 4390 2098 4454 mundi
2162 4387 2365 4451 clima

961 4637 975 4667 ¹
1002 4635 1293 4709 Trecentis]
1327 4641 1343 4668 ι
1358 4635 1637 4702 υιιωιᾱιξ
1662 4639 1902 4696 Mam-b.
