3457 5887
920 850 1192 900 nonus
1239 851 1771 902 ms'ronunuu.
2145 842 2272 908 193

395 995 663 1065 Deinde
706 1011 866 1086 post
908 1006 1054 1072 dies
1094 1028 1373 1091 paucos,
1414 1030 1569 1075 cum
1621 1010 2033 1092 TurstanuS,
2087 1015 2266 1080 Ebo-
2291 1031 2399 1073 A-n-
2420 1035 2529 1074 ¹¹¹⁵-

391 1102 694 1165 racensis
754 1104 1031 1184 electus,
1084 1109 1172 1172 ab
1233 1108 1741 1194 archiepiscopo
1784 1110 2265 1179 Cantuariensi

390 1209 805 1280 moneretur,
861 1213 939 1270 ut
994 1227 1181 1272 more
1224 1209 1428 1273 solito
1472 1210 2009 1275 benedictionem
2047 1215 2136 1277 ab
2178 1234 2259 1279 eo

387 1299 787 1381 susciperet,
831 1311 903 1367 et
951 1306 1081 1370 sibi
1122 1308 1576 1373 obedientiam
1622 1308 1879 1375 faceret
1928 1317 1999 1376 et
2047 1313 2257 1377 eccle·

384 1395 509 1459 siae
571 1398 1070 1481 Cantuariensi,
1130 1406 1501 1490 respondit,
1574 1427 1651 1472 se
1717 1409 2253 1476 benedictionem

384 1495 474 1558 ab
512 1495 664 1580 ipso
707 1510 1181 1586 suscepturum
1224 1507 1536 1585 libenter,
1578 1508 1699 1572 sed
1743 1508 2251 1591 professionem,

379 1611 591 1674 quam
623 1599 966 1681 exigebat,
999 1623 1073 1668 se
1106 1604 1297 1669 nullo
1340 1606 1543 1670 modo
1584 1605 1943 1672 facturum.
2047 1608 2251 1689 Quod

379 1693 667 1761 audiens
710 1718 836 1764 rex
870 1700 1236 1784 He'nricus,
1279 1713 1699 1787 protestatus
1734 1715 1841 1772 est
1870 1709 2247 1787 manifeste,

376 1794 588 1873 quod,
638 1797 771 1861 nisi
819 1801 1124 1866 ecclesiae
1171 1802 1672 1885 cantuariensi,
1725 1806 1939 1890 juxta
1990 1828 2246 1873 morem

373 1899 884 1960 antecessorum
928 1919 1227 1981 suorum,
1270 1902 1523 1969 faceret
1564 1904 1749 1987 quod
1791 1905 2102 1986 debebat,
2140 1907 2246 1990 ip-

324 2037 329 2046 .
372 2009 533 2054 sum
604 1991 1018 2063 Eboracensi
1098 2003 1496 2085 episcopatu
1566 2024 1721 2068 cum
1778 2006 2245 2073 benedictione

370 2088 688 2156 funditus
766 2096 1159 2163 cariturum.
1259 2100 1507 2185 Sicque
1578 2104 1666 2166 ab
1738 2104 2244 2189 archiepiscopo

377 2186 863 2259 Cantuariensi
899 2197 1302 2282 interposita
1335 2200 1813 2284 appellatione,
1853 2224 1939 2268 ne
1978 2207 2066 2268 ab
2108 2206 2243 2269 alio

377 2305 588 2368 quam
618 2308 662 2353 a
706 2310 783 2356 se
821 2298 1395 2364 consecrationem
1434 2300 1796 2384 acciperet,
1833 2304 1921 2367 ab
1953 2304 2244 2369 invicem

377 2399 823 2458 recesserunt.

666 2539 766 2605 Do
789 2541 1168 2611 dedicatione
1189 2547 1441 2613 ecclesia
1461 2551 1663 2615 sancti
1687 2550 1947 2617 Albani.

468 2657 707 2727 Anno¹
754 2665 1033 2733 Domini
1066 2688 1324 2738 mcxvl.
1359 2694 1485 2738 rex
1518 2674 1865 2742 Henricus
1890 2677 1978 2741 ad
2011 2679 2242 2743 natale
2267 2692 2512 2784 Q

365 2757 811 2876 Domini‚·die
841 2776 1236 2834 sanctorum
1271 2772 1746 2888 Innocentium
1781 2776 2093 2842 interfuit
2124 2777 2239 2892 de·
2262 2793 2549 2893 {grah-n·-

359 3158 755 3238 requisitus.
858 3164 1322 3235 Interfuerunt
1352 3179 1582 3237 autem
1624 3172 1786 3238 huic
1828 3174 2237 3241 dedicationi

356 3273 520 3318 cum
553 3277 713 3340 rege
741 3269 812 3326 et
838 3264 1077 3346 regina
1116 3266 1266 3352 ejus
1308 3270 1620 3349 Matilde,
1655 3272 2235 3357 Rothomagensis

349 3354 909 3444 archiepiscopus
972 3363 1365 3447 Gauii-idus,
1425 3370 1921 3436 Londoniensis
1972 3375 2232 3456 episco-

349 3472 488 3534 pus
538 3454 947 3545 Richardus,
995 3463 1512 3533 Sarisberiensis
1571 3470 1910 3553 Rogems,
1964 3472 2227 3538 Dunel-

349 3553 611 3617 mensis
674 3556 1111 3644 Ranulphus,
1180 3586 1335 3632 cum
1410 3570 1770 3635 comitibus
1827 3570 2101 3654 Angliae
2155 3580 2226 3639 et

351 3649 805 3722 Normanniae
845 3661 1103 3742 multis,
1149 3664 1498 3732 Richardo
1536 3670 1783 3734 abbate
1818 3670 1951 3754 ipsi
1976 3672 2120 3754 regi
2151 3682 2223 3737 et

345 3749 509 3815 aliis
555 3757 867 3822 omnibus
910 3766 1297 3829 necessaria
1331 3767 1614 3850 largiter
1643 3777 2092 3851 procurante;
2150 3780 2221 3837 et

345 3868 474 3913 rex
530 3850 874 3921 Henricus
928 3860 1115 3927 dedit
1160 3865 1466 3931 ecclesiae
1508 3868 1818 3950 praesatae
1860 3869 2219 3953 Bissopes-

343 3955 504 4015 cote
533 3951 607 4015 in
634 3952 861 4021 dotem
888 3970 1312 4044 perpetuam,
1343 3973 1415 4030 et
1442 3959 1717 4032 'charta
1744 3987 1874 4031 sua
1903 3969 2223 4033 solemni-

342 4052 451 4110 ter
478 4052 928 4122 confirmavit.
1000 4060 1257 4127 Eodem
1290 4083 1473 4129 anno
1508 4060 1845 4132 'surrexit
1883 4067 2224 4133 discordia

339 4269 558 4332 cording
594 4277 647 4321 to
682 4274 929 4327 Matthew
961 4281 1128 4343 Paris,
1169 4284 1253 4332 ‘in
1301 4285 1658 4349 fromfatigue.

340 4340 944 4467 zamam&
962 4356 1069 4469 ει,
1084 4353 1257 4471 ³:322.-
1305 4351 1592 4489 nse-“3²
1610 4358 1983 4493 sagam
1997 4361 2049 4408 ³¹·
2072 4359 2220 4422 ¹³⁰⁸·

717 4450 733 4474 2
1242 4456 1259 4485 θ
1425 4459 1440 4486 2
1502 4462 1516 4476 ⁸
1579 4462 1593 4477 0
1714 4462 1731 4487 9
1870 4464 1884 4478 ⁶

340 4475 452 4525 that
484 4477 573 4527 the
604 4482 744 4533 office
776 4485 836 4535 of
858 4487 943 4537 the
974 4489 1258 4542 dedication
1373 4491 1642 4545 ’Surrexit
1682 4497 1923 4547 discordia
1963 4513 2157 4560 magne·
2192 4497 2216 4561 ]

337 4559 450 4595 was
505 4554 821 4603 commenced
883 4558 951 4619 by
1006 4558 1261 4626 Geoffrey‚
1307 4563 1503 4624 Tyri-eil
1547 4565 1638 4615 has
1681 4582 1746 4615 an
1782 4573 1994 4616 account
2029 4566 2087 4616 of
2118 4566 2219 4615 tbi·

340 4615 646 4683 archbishop
675 4621 735 4671 of
764 4624 961 4691 Rouen,
991 4629 1107 4678 who
1140 4646 1261 4681 con-
1309 4647 1416 4683 war
1436 4633 1560 4684 from
1582 4636 1764 4700 Suger,
1783 4637 1838 4686 ii.
1854 4651 1909 4698 p.
1928 4640 2039 4687 151.

445 4708 606 4756 VOL.
640 4712 720 4761 11.
1877 4727 1919 4771 0
