3457 5887
923 903 1201 954 'nonus
1248 903 1780 955 msroamnuu.
2149 893 2279 958 347

406 1085 653 1150 panem
727 1064 1112 1144 collocabat
1183 1061 1606 1146 praedictum,
1667 1082 1873 1145 quem
1927 1082 2275 1147 nunquam
2305 1085 2572 1127 sumo„

407 1166 725 1243 comedit,
776 1165 909 1229 nisi
958 1164 1157 1245 gravi
1205 1162 1608 1227 necessitate
1655 1163 2093 1246 compulsus3
2155 1185 2279 1248 po·
2303 1137 2525 1229 {“ffi‚

407 1274 521 1331 tus
559 1266 660 1329 illi
707 1265 840 1328 suit
886 1271 1131 1346 gustus
1181 1281 1380 1345 aquae
1427 1262 1877 1344 permodicuS,
1926 1282 2051 1328 nec
2100 1263 2282 1328 hunc

405 1366 746 1442 sumebat,
780 1364 912 1427 nisi
939 1363 1171 1427 valida
1200 1362 1316 1426 siti
1347 1368 1670 1441 coactus3
1716 1380 2067 1444 nunquam
2089 1362 2284 1447 jace-

408 1466 532 1529 bat
572 1466 645 1528 in
688 1464 890 1541 lecto,
924 1462 1044 1527 sed
1085 1462 1159 1525 in
1200 1461 1408 1524 humo
1451 1461 1636 1525 nuda
1674 1480 1898 1547 super·
1920 1462 2143 1527 cilicio
2183 1464 2286 1527 fa-

410 1565 671 1647 tigatus
710 1563 1055 1638 decubuit,
1100 1560 1327 1643 capite
1376 1560 1735 1643 supposito
1784 1561 2034 1643 lapide,
2081 1582 2287 1646 quem

412 1683 540 1746 pro
593 1682 829 1728 mensa
872 1662 1207 1740 habebat3
1274 1660 1441 1724 luna
1491 1660 1761 1724 lucente
1809 1663 2127 1743 operibus
2179 1664 2286 1727 in-

410 1764 725 1842 sistebat,
771 1770 865 1845 et,
909 1781 1149 1826 somno
1187 1760 1289 1825 ita
1336 1759 1671 1837 discusso,
1724 1761 2147 1827 orationibus
2180 1764 2287 1827 in-

415 1865 830 1943 cumbebat;
899 1861 1118 1925 hieme
1173 1860 1333 1944 gelu
1392 1866 1465 1925 et
1512 1860 1670 1925 nive
1733 1861 2006 1945 rigenti,
2064 1862 2288 1927 nudus

418 1963 676 2027 flumen
735 1964 1085 2046 ingressus
1149 1966 1349 2024 nocte
1393 1959 1487 2025 ibi
1526 1966 1676 2024 tota
1708 1960 1941 2024 vivam
1978 1964 2289 2045 semetip-

417 2081 574 2127 sum
620 2061 920 2128 Domino
980 2060 1270 2125 hostiam
1328 2059 1752 2137 immolabat,
1812 2065 1885 2123 et
1935 2078 2149 2143 usque
2202 2062 2290 2126 ad

418 2162 671 2225 collum
735 2161 1126 2226 submersus
1192 2160 1537 2223 orationes
1611 2167 1683 2223 et
1764 2158 2065 2240 psalmos
2139 2180 2293 2225 cum

423 2260 791 2347 lachrymis
818 2258 1294 2345 profundebat.
1397 2258 1583 2324 Dum
1619 2258 1724 2322 vir
1756 2266 2039 2323 sanctus
2081 2265 2297 2324 staret

420 2361 493 2424 in
540 2360 764 2442 aquis,
804 2360 1127 2445 apparuit
1156 2358 1219 2422 ei
1259 2376 1446 2441 saepe
1488 2357 1801 2424 diabolus
1842 2359 2296 2424 membrorum

419 2460 871 2525 universitate
914 2459 1265 2537 distortae,
1316 2465 1411 2536 et,
1455 2476 1609 2521 cum
1647 2458 1720 2521 in
1770 2476 1925 2521 eum
1954 2458 2163 2523 vellet
2205 2461 2298 2524 ir-

419 2578 639 2637 ruere,
679 2559 879 2641 signo
915 2565 1176 2622 sanctae
1219 2559 1440 2623 crucis
1485 2557 1679 2621 illum
1710 2557 2070 2622 confusum
2104 2558 2301 2642 suga-

420 2658 554 2739 vit3
608 2665 836 2723 vestes
878 2657 1053 2743 ejuS,
1097 2675 1271 2739 quas
1313 2657 1387 2720 in
1428 2658 1581 2741 ripa
1621 2657 2016 2740 reliquerat,
2061 2677 2301 2741 aspor-

423 2758 623 2836 tavit,
649 2777 853 2840 quem
886 2755 1230 2821 Godricus
1261 2757 1364 2821 ita
1395 2757 1692 2821 clamore
1731 2757 2082 2836 deterruit,
2113 2758 2299 2843 quod

422 2864 674 2925 cuncta
705 2858 1096 2942 relinquens
1129 2855 1390 2940 effugit.

434 3031 615 3105 Quod
638 3029 839 3095 boatus
864 3030 1162 3095 G'odrious
1179 3051 1448 3116 puerum
1474 3053 1546 3094 ecc
1573 3054 1674 3095 ore
1702 3031 1997 3128 ivrgaqinis
2024 3033 2307 3116 crucifixi

530 3129 692 3193 vidit
734 3130 899 3194 exire
941 3140 1015 3194 αι’
1041 3130 1111 3194 in
1157 3130 1378 3195 matris
1412 3131 1714 3215 yremium
1761 3132 2106 3198 descendere
2148 3154 2305 3197 revo-

529 3239 747 3293 rancor.

536 3351 670 3417 Die
702 3350 1020 3435 quodam,
1052 3350 1214 3415 dum
1245 3353 1352 3417 vir
1382 3353 1663 3418 Domini
1694 3353 2036 3421 Godricus
2057 3358 2129 3422 in
2151 3379 2304 3424 ora-

435 3452 612 3515 torio
669 3470 795 3515 suo
843 3451 1087 3515 sedens
1136 3452 1536 3534 psalterium
1582 3456 1979 3535 ruminaret,
2012 3458 2184 3522 vidit
2214 3478 2302 3524 ex

433 3570 555 3615 ore
613 3550 932 3634 imaginis
987 3551 1297 3617 crucifixi
1349 3553 1710 3638 puerulum
1771 3543 1986 3635 exire,
2041 3559 2161 3641 qui
2213 3559 2299 3623 ad

428 3651 799 3733 imaginem
872 3651 1094 3716 beatae
1148 3650 1462 3735 virginis,
1521 3672 1677 3735 quae
1733 3654 1807 3718 in
1855 3665 2050 3738 parte
2102 3659 2298 3741 aqui·

430 3748 608 3814 lonis
650 3750 884 3815 stabat
924 3749 998 3813 in
1033 3750 1269 3815 eadem
1304 3754 1521 3831 trabe,
1563 3752 1914 3820 descendit
1942 3762 2012 3821 et
2042 3758 2300 3839 gremio

429 3848 647 3931 ipsius
696 3850 970 3915 insedit.
1073 3849 1208 3913 Illa
1250 3870 1414 3916 vero
1463 3870 1706 3916 manus
1744 3863 1988 3920 contra
2023 3858 2300 3922 venien·

434 3955 571 4012 tem
629 3949 1006 4014 extendens
1064 3951 1457 4032 amplexum
1512 3951 1654 4016 sere
1702 3973 1830 4037 per
1889 3961 2029 4020 tres
2092 3956 2298 4022 horas

435 4048 729 4113 brachiis
766 4049 1220 4130 confovebat3
1278 4070 1450 4133 puer
1490 4070 1786 4136 quoque,
1827 4056 2154 4138 quamdiu
2195 4076 2303 4122 se-

437 4146 642 4212 debat
678 4149 749 4211 in
794 4150 1055 4230 gremio
1087 4150 1352 4229 matriS,
1391 4158 1470 4214 ut
1503 4152 1744 4216 vivens
1786 4154 1859 4218 in
1895 4174 2181 4238 corpore
2225 4175 2302 4220 se

439 4248 782 4325 movebat,
804 4257 874 4313 et
895 4248 983 4312 ad
1001 4248 1151 4334 ejus
1170 4250 1536 4316 adventum
1565 4253 1821 4333 pariter
1843 4261 1914 4317 et
1932 4255 2306 4319 discessum

437 4353 588 4410 tota
634 4366 848 4412 sacrae
898 4348 1182 4430 virginis
1227 4350 1456 4432 imago
1498 4351 1599 4416 ita
1630 4354 2061 4431 contremuit,
2107 4361 2190 4417 ut
2235 4354 2307 4416 in

440 4447 633 4510 trabe
683 4446 948 4511 ruinam
984 4449 1226 4514 minari
1265 4450 1636 4515 videretur.
1740 4451 2046 4516 Putabat
2078 4459 2306 4515 autem

442 4546 701 4609 amicus
759 4547 892 4611 Dei
954 4545 1291 4612 Godricus
1371 4549 1692 4631 imaginis
1752 4552 2056 4615 membra
2116 4551 2312 4614 vitali

441 4645 689 4727 spiritu
723 4647 1070 4729 compleri,
1102 4655 1171 4711 et
1207 4667 1490 4730 puerum
1536 4669 1671 4715 non
1704 4650 1892 4713 aliud
1925 4669 2073 4714 esse
2104 4669 2310 4734 quam
