3457 5887
912 812 1188 861 FLORBS
1230 798 2270 863 n1smnunuu.116

397 987 523 1052 per
571 970 720 1034 haec
775 972 1027 1050 verba3
1095 964 1148 1005 ¹‘
1125 969 1442 1034 ‘Fideles
1490 971 1593 1034 tui
1637 971 2004 1053 principes,
2055 971 2268 1054 impe-
2291 986 2399 1028 an.
2420 986 2531 1026 me

398 1075 590 1133 rator
639 1070 1132 1153 potentissime,
1188 1089 1365 1147 cum,
1429 1076 1634 1153 capta
1681 1069 2079 1148 Antiochia,
2123 1091 2263 1134 rem
2289 1036 2582 1128 we·-

400 1187 552 1232 ωδε
582 1169 935 1234 crederent
970 1177 1531 1247 consummatam,
1573 1170 1740 1233 urbe
1770 1170 1915 1284 jam
1962 1178 2264 1252 recepta,

398 1268 626 1332 factus
683 1278 788 1333 est
838 1289 1024 1333 error
1081 1270 1493 1333 novissimus
1540 1269 1735 1352 pejor
1782 1270 2027 1352 priore.
2117 1269 2262 1333 Vix

401 1369 585 1431 enim
628 1370 714 1432 ab
748 1371 916 1432 urbe
953 1377 1157 1452 capta
1188 1369 1334 1433 dies
1371 1369 1607 1451 elapsa
1636 1368 1884 1444 suerat,
1918 1388 2073 1432 cum
2105 1388 2264 1433 ecce

403 1466 911 1545 curbarannus,
956 1468 1323 1532 Persarum
1366 1469 1679 1550 princeps
1728 1468 2264 1550 potentissimus,

401 1587 559 1631 cum
602 1568 1031 1632 orientalium
1081 1568 1299 1650 copiis
1344 1567 1654 1644 infinitis,
1696 1586 1984 1649 quarum
2033 1566 2263 1631 multi-

401 1666 570 1731 tudo
599 1687 866 1731 omnem
908 1686 1259 1731 numerum
1294 1666 1622 1730 excedere
1655 1667 1948 1742 videtur,
1979 1666 2262 1730 eandem

400 1768 637 1830 urbem
681 1766 1032 1831 obsidione
1075 1767 1365 1830 vallavit
1399 1786 1419 1845 3
1484 1773 1716 1829 noster
1776 1773 2001 1830 autem
2044 1785 2265 1848 popu-

401 1866 512 1929 lus
541 1866 745 1943 fame,
789 1865 1065 1947 frigore,
1098 1873 1299 1942 aestu,
1337 1865 1637 1929 caedibus
1679 1872 1751 1929 et
1782 1865 1975 1929 clade
2010 1864 2081 1927 in
2113 1873 2267 1929 tan-

401 1972 551 2029 tum
606 1967 1010 2041 succumbit,
1066 1972 1146 2028 ut
1196 1983 1321 2028 nec
1363 1965 1436 2027 in
1484 1965 1765 2029 civitate
1803 1972 2074 2028 tantum
2115 1984 2266 2029 esse

404 2064 680 2128 dicatur
731 2065 1226 2140 alimentorum,
1276 2082 1411 2145 quo
1453 2065 1655 2127 unius
1697 2064 1829 2128 diei
1879 2065 2268 2128 necessitati

408 2164 691 2227 valeant
719 2164 1097 2226 subvenire.
1154 2162 1356 2226 Unde
1389 2181 1538 2239 nos,
1566 2163 1684 2245 qui
1710 2161 1821 2226 hic
1855 2183 2113 2239 sumus,
2143 2164 2272 2226 viri

410 2262 675 2327 nobiles
716 2262 1019 2326 videntes
1059 2261 1344 2326 fratrum
1386 2263 1665 2343 negotia
1707 2263 2093 2344 prosperari
2136 2281 2272 2325 non

409 2380 638 2444 posse,
669 2381 787 2426 eos
819 2362 1202 2426 monuimus
1244 2362 1519 2445 saepiuS‚
1547 2368 1627 2424 ut
1657 2362 1790 2424 sibi
1821 2361 2275 2438 consulerent,

409 2469 481 2525 et
522 2481 665 2524 rem
723 2462 1205 2544 impossibilem
1248 2460 1636 2525 deserentes
1688 2460 1822 2524 sibi
1873 2479 1997 2543 per
2043 2459 2274 2542 fugam

408 2562 666 2644 absque
717 2561 1148 2625 cunctamine
1193 2560 1655 2645 providerent,
1718 2559 1837 2623 sed
1883 2579 2035 2623 cum
2080 2579 2198 2623 eos
2232 2578 2276 2623 a

405 2680 532 2725 suo
582 2681 723 2725 non
788 2678 1146 2744 possemus
1204 2679 1528 2725 revocare
1591 2659 1968 2742 proposito,
2020 2667 2272 2723 nostroe

405 2760 797 2823 curavimus
850 2761 1234 2842 prospicere
1280 2760 1532 2838 saluti3
1588 2766 1659 2823 et
1701 2778 1881 2823 nunc
1923 2760 1983 2823 si
2027 2759 2274 2841 placet,

408 2860 473 2922 si
502 2861 604 2923 ita
631 2860 771 2922 tuis
793 2860 1194 2923 consiliariis
1226 2859 1395 2923 utile
1418 2860 1638 2923 visum
1663 2858 1893 2935 suerit,
1915 2859 2275 2941 procedere

414 2959 696 3036 desiste,
738 2979 825 3023 ne
854 2968 1016 3036 tuae,
1057 2978 1231 3042 quas
1275 2965 1498 3022 tecum
1532 2958 1773 3036 trahiS‚
1809 2960 2276 3041 expeditiones

413 3060 699 3142 paribus
734 3058 1050 3142 periculis
1092 3058 1552 3124 involvantur.
1653 3057 1885 3122 Testis
1912 3066 2020 3122 est
2045 3077 2275 3122 eorum

413 3178 575 3241 quae
618 3158 959 3240 loquimur
989 3159 1093 3221 vir
1135 3156 1431 3242 prudens
1475 3158 1790 3234 Taunus,
1823 3166 1961 3221 tuae
2002 3159 2276 3222 celsitu·

410 3257 595 3322 dinis
638 3257 879 3334 fidelis,
929 3276 1130 3339 quem
1176 3258 1525 3321 nobiscum
1573 3258 1910 3333 direxisti,
1955 3258 2073 3340 qui
2118 3276 2276 3320 nos·

407 3365 672 3421 trorum
717 3375 1132 3438 cognoscens
1176 3356 1537 3433 defectum,
1581 3357 1667 3419 ab
1710 3376 1943 3420 eorum
1993 3376 2070 3420 se
2116 3357 2274 3419 sub-

410 3457 629 3521 traxit
670 3455 983 3538 collegio,
1021 3464 1101 3520 ut
1149 3455 1295 3520 haec
1336 3463 1478 3520 tuae
1522 3464 1689 3520 nota
1728 3455 1983 3520 faceret
2025 3455 2269 3537 majes-

409 3556 588 3620 tati!
687 3554 824 3619 His
857 3556 1131 3632 auditis,
1157 3555 1531 3638 imperator
1552 3555 1637 3619 de
1670 3556 1952 3619 consilio
1971 3574 2271 3631 suorum,

408 3656 687 3720 retortis
728 3655 1158 3732 umbonibus,
1189 3655 1274 3718 ad
1304 3656 1605 3737 propria,
1639 3656 2019 3736 legionibus
2059 3654 2270 3718 licen-

406 3756 627 3832 tiatis,
667 3774 822 3818 cum
871 3755 1236 3838 lachrymis
1279 3756 1631 3819 remeavit.
1736 3754 2001 3818 Rumor
2043 3761 2272 3818 autem

407 3856 500 3919 de
555 3874 826 3918 recessu
875 3855 1303 3937 imperatoris
1347 3874 1501 3918 cum
1550 3852 2003 3919 Antiochenis
2051 3852 2275 3917 divul-

408 3961 621 4037 gatus
671 3955 935 4031 fuisset,
986 3973 1143 4037 spes
1178 3962 1247 4018 et
1291 3954 1537 4018 laetitia
1579 3954 1796 4017 crevit
1835 3953 2153 4035 paganis,
2209 3959 2280 4015 et

405 4055 799 4136 desperatio
825 4052 1252 4117 Christianis
1358 4053 1528 4117 Erat
1557 4053 1731 4115 enim
1763 4053 1832 4116 in
1861 4052 2116 4136 populo
2147 4051 2280 4115 Dei

408 4160 652 4218 tantus
685 4153 1155 4217 alimentorum
1181 4152 1511 4229 defectus,
1538 4160 1734 4215 tanta
1762 4151 1960 4215 famis
1979 4150 2276 4225 afflictio,

411 4254 576 4318 talis
609 4260 751 4316 tam
782 4254 1085 4317 exterius
1119 4272 1322 4335 quam
1366 4252 1651 4316 interius
1702 4250 1998 4315 hostium
2029 4252 2282 4332 impor-

488 4473 1323 4546 'Fideles.]‘1'hespeech,asmade
1379 4478 1436 4526 of
1474 4477 1731 4536 chartres,
1773 4491 1889 4537 may
1931 4477 1995 4525 be
2039 4474 2192 4523 found
2236 4478 2289 4522 at

415 4548 588 4599 before
621 4548 707 4596 the
751 4562 974 4610 emperor
1005 4550 1074 4611 by
1110 4549 1328 4611 Stephen
1381 4548 1550 4608 length
1581 4548 1634 4595 in
1658 4547 1797 4596 will.
1816 4547 1937 4608 Tyr.
1960 4560 2011 4607 p.
2036 4548 2149 4593 ⁷19.

2011 4643 2083 4687 12
