3457 5887
840 845 1114 895 smnus
1161 846 1694 895 ms'roauauu.
2064 833 2194 900 403

319 1004 636 1083 concilio,
661 1004 1000 1068 credimus
1033 1011 1102 1068 et
1130 1004 1535 1069 confitemur
1559 1023 1713 1069 cum
1750 1003 1983 1082 Petro,
2009 1006 2188 1088 quod
2214 1022 2456 1122 {⁸122ssss

318 1123 455 1168 una
502 1104 820 1187 quaedam
864 1123 1134 1167 summa
1169 1123 1278 1167 res
1324 1110 1453 1181 est,
1494 1104 2191 1187 incomprehensibilis
2214 1123 2408 1162 Joaemm

319 1203 593 1286 quidem
634 1211 704 1268 et
734 1203 1121 1280 ineffabilis,
1156 1222 1310 1285 quae
1348 1203 1682 1268 veraciter
1724 1211 1833 1268 est
1871 1203 2082 1269 Pater
2123 1214 2193 1271 et
2214 1173 2484 1213 ‘mamm'

323 1302 541 1367 Filius
574 1311 644 1368 et
675 1302 971 1386 Spiritus
999 1302 1318 1379 Sanctus,
1356 1310 1496 1366 tres
1528 1302 1733 1366 simul
1764 1323 2075 1386 personae
2109 1324 2192 1370 ac

317 1402 672 1484 sigillatim
705 1401 1027 1485 quaelibet
1059 1400 1463 1482 earundem3
1507 1408 1578 1466 et
1602 1402 1758 1467 ideo
1791 1403 1864 1467 in
1900 1402 2053 1467 Deo
2082 1423 2193 1468 so-

319 1500 664 1566 lummodo
714 1502 988 1565 trinitas
1042 1507 1149 1564 est
1200 1507 1271 1565 et
1333 1520 1469 1565 non
1519 1501 1970 1583 quaternitas,
2029 1504 2191 1585 quia

317 1601 642 1683 quassibet
677 1601 884 1665 trium
922 1617 1369 1683 personarum
1403 1607 1509 1664 est
1545 1600 1667 1664 illa
1699 1620 1834 1678 τω,
1870 1602 2190 1667 substan-

321 1700 421 1764 tia
479 1700 821 1779 videlicet,
884 1700 1185 1764 essentia
1245 1719 1366 1764 seu
1419 1698 1654 1764 divina
1704 1706 1976 1778 natura,
2034 1720 2190 1783 quae

317 1799 469 1864 sola
524 1807 632 1864 est
682 1800 1153 1864 universorum
1196 1797 1631 1882 principium,
1683 1807 1935 1881 praeter
1981 1820 2188 1883 quam

320 1898 509 1964 aliud
540 1899 830 1965 inveniri
862 1918 1000 1963 non
1038 1904 1308 1981 potest3
1353 1903 1425 1961 et
1458 1897 1581 1961 illa
1614 1917 1723 1960 res
1759 1918 1898 1962 non
1936 1907 2041 1964 est
2072 1921 2191 1983 ge-

321 2016 597 2076 nerans,
640 2018 862 2081 neque
911 1999 1169 2080 genita,
1211 2015 1432 2079 neque
1481 1996 1881 2080 procedens,
1923 1998 2043 2062 sed
2085 2007 2193 2064 aet

323 2094 537 2161 Pater
562 2097 681 2180 qui
723 2105 1032 2179 generat,
1061 2104 1132 2161 et
1165 2095 1385 2160 Filius
1416 2096 1535 2178 qui
1576 2096 1909 2177 gignitur,
1941 2103 2014 2161 et
2042 2096 2190 2181 Spi-

319 2195 495 2259 ritus
533 2196 828 2261 Sanctus
876 2197 997 2280 qui
1046 2195 1376 2279 procedit,
1419 2202 1499 2260 ut
1541 2194 2015 2259 distinctiones
2053 2197 2192 2262 sint

319 2295 393 2358 in
431 2297 739 2378 personis
770 2303 841 2360 et
872 2296 1101 2359 unitas
1133 2295 1205 2359 in
1238 2302 1508 2360 natura.
1571 2293 1772 2359 Licet
1799 2294 1980 2360 enim
2014 2295 2191 2361 alius

319 2393 414 2458 sit
438 2392 673 2472 Pater,
703 2394 881 2459 alius
911 2394 1152 2471 Filius,
1174 2394 1352 2459 alius
1381 2394 1677 2477 Spiritus
1707 2393 2028 2472 Sanctus,
2054 2415 2191 2460 non
2231 2438 2237 2445 -

319 2498 552 2556 tamen
596 2493 823 2573 aliud;
874 2492 1085 2558 Pater
1127 2493 1306 2558 enim
1349 2494 1438 2557 ab
1476 2501 1735 2558 aeterno
1779 2492 2031 2558 Filium
2071 2514 2191 2576 ge-

319 2592 621 2657 nerando
673 2612 868 2657 suam
909 2593 1364 2657 substantiam
1402 2593 1467 2656 ei
1508 2592 1718 2669 dedit,
1753 2592 1965 2676 juxta
2006 2594 2190 2675 quod

317 2690 466 2772 ipse
506 2699 823 2769 testatur,
871 2690 1082 2757 Pater
1115 2690 1296 2774 quod
1331 2692 1519 2757 dedit
1559 2691 1751 2768 mihi,
1782 2690 2006 2775 majus
2044 2711 2190 2757 om·

318 2790 519 2854 nibus
557 2798 685 2856 est.
761 2791 853 2856 Et
876 2791 1030 2856 ⁴dici
1070 2811 1209 2856 non
1244 2797 1496 2874 potest,
1528 2792 1714 2874 quod
1749 2799 2014 2874 partem
2044 2811 2188 2857 suae

318 2890 724 2956 substantiae
765 2891 867 2956 illi
910 2890 1195 2968 dederit,
1234 2898 1305 2956 et
1348 2897 1613 2974 partem
1655 2890 2014 2957 retinuerit
2042 2892 2189 2975 ipse

313 2990 469 3066 sibi,
521 3010 675 3055 cum
725 2991 1114 3056 substantia
1158 2989 1388 3055 Patris
1430 2990 1863 3054 indivisibilis
1913 2991 2029 3069 sit,
2079 3000 2190 3057 ut-

314 3097 479 3170 pote
519 3090 812 3173 simplex
855 3091 1173 3170 omnino;
1218 3089 1338 3154 sed
1381 3109 1508 3155 nec
1549 3090 1684 3155 dici
1717 3096 1969 3173 potest,
2005 3092 2189 3173 quod

318 3186 533 3253 Pater
574 3189 646 3253 in
693 3189 944 3254 Filium
999 3190 1429 3258 transtulerit
1482 3209 1679 3254 suam
1735 3190 2189 3254 substantiam

313 3289 705 3368 generando
761 3289 979 3366 illum,
1030 3289 1230 3372 quasi
1286 3290 1388 3353 sic
1446 3288 1708 3353 dederit
1771 3307 1922 3353 eam
1987 3289 2189 3365 Filio,

313 3386 504 3468 quod
545 3407 683 3451 non
739 3388 1095 3454 retinuerit
1136 3387 1357 3470 ipsam
1403 3388 1558 3467 sibi,
1601 3387 1907 3470 alioquin
1951 3388 2189 3472 desiis-

313 3493 428 3550 set
456 3505 609 3551 esse
641 3488 1065 3567 substantia;
1101 3486 1320 3551 Filius
1361 3506 1525 3552 vero
1558 3487 2015 3551 substantiam
2051 3486 2189 3551 Pa-

310 3585 443 3648 tris
485 3586 824 3668 integram
874 3585 1217 3651 nascendo
1274 3586 1564 3670 accepit,
1607 3595 1677 3651 et
1719 3586 1822 3654 ita
1864 3585 2077 3651 Pater
2117 3595 2188 3652 et

311 3683 538 3747 Filius
581 3684 867 3751 eandem
907 3685 1166 3750 habent
1195 3685 1674 3763 substantiam,
1711 3693 1785 3750 et
1812 3686 2050 3749 eadem
2077 3705 2186 3749 res

307 3790 421 3846 est
467 3782 683 3848 Pater
723 3792 793 3849 et
840 3784 1084 3862 Filius,
1128 3804 1388 3850 necnon
1438 3791 1510 3849 et
1551 3784 1849 3868 Spiritus
1892 3784 2185 3849 Sanctus

310 3882 402 3946 ab
454 3889 750 3966 utroque
808 3883 1182 3966 procedens
1238 3891 1309 3949 et
1372 3885 1444 3948 in
1498 3891 1793 3967 utroque
1846 3902 2128 3948 manens
2165 3904 2183 3963 ;

314 4001 455 4044 non
493 3982 698 4059 enim,
742 3989 822 4046 ut
863 3983 965 4047 ait
1004 3984 1217 4047 abbas
1259 3983 1307 4048 J
1311 3983 1602 4062 oachim,
1649 3980 1885 4048 fideles
1928 3983 2186 4048 Christi

310 4088 476 4145 sunt
516 4099 750 4158 unum,
791 4082 860 4145 id
912 4089 1041 4160 est,
1088 4102 1228 4147 una
1275 4082 1590 4166 quaedam
1644 4102 1755 4146 res
1800 4103 1955 4166 quae
1998 4103 2184 4147 com-

312 4181 538 4244 munis
581 4181 674 4245 sit
711 4182 1046 4260 omnibus,
1085 4183 1206 4246 sed
1241 4190 1406 4247 sunt
1436 4201 1646 4246 unum
1683 4183 1757 4245 in
1786 4183 2034 4248 unione
2072 4201 2186 4245 ca-

197 4270 207 4280 '
309 4280 561 4356 ritatis,
603 4281 675 4343 in
719 4283 984 4362 gratia3
1037 4301 1162 4365 pro
1212 4282 1523 4365 personis
1576 4301 1740 4347 vero
1788 4281 2063 4358 divinis,
2106 4288 2184 4344 ut

310 4380 731 4458 attendatur,
759 4380 1141 4445 identitatis
1176 4382 1406 4445 unitas
1437 4381 1511 4444 in
1542 4388 1813 4445 natura.
1879 4381 2185 4443 Damna-

306 4497 465 4542 mus
501 4479 714 4561 igitur
752 4488 825 4545 et
866 4481 1307 4563 reprobamus
1348 4479 1652 4544 libellum
1689 4480 1738 4545 J
1742 4478 2007 4546 oachim
2039 4477 2186 4541 sive

307 4577 711 4657 doctrinam,
745 4580 847 4645 ita
887 4586 990 4657 ut,
1033 4580 1092 4642 si
1128 4578 1284 4661 quis
1318 4579 1467 4662 ejus
1509 4579 1916 4643 sententiam
1950 4578 2022 4640 in
2057 4576 2185 4640 hac

1836 4707 1978 4752 2122
