3457 5887
885 838 1184 888 {mouns
1208 839 1743 890 msa-omnum.
2117 826 2243 895 401

374 1014 503 1060 vus
531 1015 883 1062 servorum
918 997 1076 1076 Dei,
1107 998 1480 1076 Willelmo,
1511 997 1888 1064 Senonensi
1918 998 2245 1083 archiepi-

373 1113 607 1177 scopo,
640 1096 957 1163 salutem.
1047 1097 1224 1161 Cum
1263 1098 1334 1161 in
1378 1105 1614 1162 nostra
1649 1098 1813 1163 olim
1849 1118 2034 1163 esses
2072 1119 2248 1182 prae-

374 1196 596 1259 sentia
627 1198 1068 1275 constitutus,
1108 1198 1233 1261 tibi
1267 1198 1429 1261 viva
1449 1217 1626 1262 ,voce
1662 1198 2117 1282 injunximus,
2145 1206 2247 1274 ut,

373 1294 822 1377 suffraganeis
853 1298 993 1362 tuis
1027 1297 1337 1361 Parisius
1377 1297 1500 1361 tibi
1533 1297 1793 1374 ascitiS,
1832 1297 1920 1360 ad
1958 1298 2250 1379 abroga-

375 1395 627 1460 tionem
671 1415 903 1478 pravae
940 1397 1268 1461 doctrinae
1309 1395 1523 1474 Petri,
1560 1396 1905 1480 quondam
1945 1396 2248 1462 Parisia—

379 1495 598 1558 censis
648 1496 973 1579 episcopi,
1028 1514 1166 1579 qua
1216 1495 1488 1572 dicitur,
1531 1496 1711 1579 quod
1757 1495 2095 1574 Christus,
2139 1517 2247 1560 se-

377 1592 673 1656 cundum
707 1596 888 1677 quod
922 1603 1029 1660 est
1058 1595 1284 1672 homo,
1324 1614 1462 1658 non
1501 1603 1607 1660 est
1649 1596 1932 1678 aliquid,
1971 1596 2248 1660 omnino

373 1687 782 1758 intenderes'
820 1701 892 1758 et
922 1694 1263 1760 efficacem
1295 1713 1572 1777 operam
1612 1695 1988 1759 adhiberes,
2074 1694 2248 1758 Inde

374 1791 707 1874 siquidem
739 1800 867 1871 est,
888 1795 1069 1877 quod
1102 1793 1518 1858 fraternitati
1545 1800 1685 1858 tuae
1716 1813 1841 1877 per
1870 1794 2249 1876 apostolica

375 1891 634 1972 scripta
664 1893 1091 1971 mandamus,
1114 1900 1476 1976 quatenus,
1498 1893 1683 1976 quod
1713 1894 1862 1971 tibi,
1891 1913 2046 1958 cum
2070 1912 2247 1976 prae-

375 2009 534 2054 sens
553 2010 762 2069 esses,
786 1994 1256 2077 praecepimus,
1275 1991 1745 2085 suffraganeos
1765 1999 1921 2058 tuos
1940 1992 2249 2057 Parisius

376 2108 733 2168 convoces,
761 2099 833 2155 et
856 2110 995 2155 una
1019 2112 1173 2157 cum
1199 2092 1337 2156 illis
1359 2099 1429 2156 et
1450 2091 1605 2156 aliis
1631 2092 1798 2157 viris
1820 2091 2154 2173 religiosis
2181 2100 2250 2157 et

377 2189 824 2271 prudentibus
871 2193 1340 2275 praescriptam
1387 2191 1768 2256 doctrinam
1806 2191 2084 2255 studeas
2132 2211 2250 2272 pe-

377 2288 563 2352 nitus
596 2291 952 2372 abrogare,
986 2299 1055 2355 et
1087 2310 1130 2355 a
1162 2289 1510 2372 magistris
1545 2290 1970 2354 scholaribus
2000 2288 2249 2354 ibidem

376 2386 452 2450 in
493 2387 840 2470 theologia
881 2390 1311 2454 studentibus
1355 2388 1727 2465 Christum,
1772 2388 1952 2453 sicut
1995 2387 2252 2470 perfec-

380 2493 526 2551 tum
571 2487 817 2567 Deum,
853 2490 952 2553 sic
986 2496 1057 2553 et
1095 2489 1464 2572 perfectum
1511 2489 1851 2553 hominem
1893 2507 1974 2551 ac
2013 2507 2249 2551 verum

377 2583 716 2650 hominem
748 2607 839 2652 ex
868 2589 1095 2652 anima
1121 2594 1191 2652 et
1224 2607 1506 2670 corpore
1540 2588 2049 2663 consistentem,
2076 2606 2249 2668 prae-

378 2685 592 2769 cipias
628 2686 936 2764 edoceri3
981 2688 1317 2751 universis
1359 2686 1645 2751 firmiter
1681 2694 1754 2751 et
1793 2686 2098 2750 districte
2140 2686 2247 2749 in-

367 2782 694 2868 jungens,
732 2786 912 2868 quod
953 2786 1331 2850 doctrinam
1364 2786 1554 2849 illam
1594 2785 1679 2849 de
1712 2791 1960 2849 caetero
1994 2804 2247 2868 nequa-

376 2903 581 2967 quam
623 2885 865 2951 docere
901 2891 1342 2969 praesumant,
1381 2884 1502 2950 sed
1544 2884 1766 2969 ipsam
1816 2885 2090 2967 penitus
2132 2884 2250 2950 de-

376 2984 756 3050 testentur:

489 3159 588 3224 De
619 3157 819 3226 libello
845 3157 1081 3225 abbatis
1103 3159 1411 3237 Joaolaim,
1440 3179 1611 3244 quom
1639 3158 1889 3244 scripsit
1917 3166 2128 3223 contra

956 3259 1218 3324 Petrum
1245 3256 1683 3323 Lombardum.

503 3380 790 3465 Scripsit
839 3382 1068 3446 etiam·
1091 3380 1344 3446 eisdem
1391 3382 1631 3446 diebus
1676 3389 1918 3447 contra
1963 3382 2250 3446 eundem

379 3480 664 3545 Petrum
720 3480 1178 3545 Lombardum
1220 3474 1471 3546 'abbas
1526 3480 1573 3544 J
1578 3481 1846 3546 oachim
1904 3481 2251 3546 Florensis

375 3580 672 3644 coenobii
723 3579 1054 3658 libellum,
1097 3599 1352 3645 vocans
1399 3599 1554 3645 eum
1599 3581 1993 3646 haereticum
2037 3588 2107 3645 et
2148 3582 2253 3644 in-

373 3698 642 3756 sanum,
676 3698 760 3743 eo
789 3679 970 3761 quod
1000 3680 1070 3742 in
1099 3679 1272 3744 libro
1303 3679 1820 3759 sententiarum,
1842 3699 2041 3763 quem
2069 3699 2251 3744 com-

374 3785 724 3862 posuerat,
775 3777 954 3842 idem
1007 3777 1258 3843 Petrus
1311 3779 1396 3843 de
1441 3780 1706 3844 unitate
1758 3781 1905 3844 sive
1952 3779 2249 3843 essentia

376 3877 740 3942 Trinitatis
789 3876 991 3954 dixit,
1052 3876 1394 3955 Quoniam
1448 3878 1764 3960 quoedam
1811 3895 2078 3941 summa
2138 3897 2247 3941 res

375 3983 504 4052 est,
555 3976 768 4040 Pater
814 3983 884 4040 et
931 3975 1148 4040 Filius
1190 3985 1261 4041 et
1303 3976 1603 4059 Spiritus
1646 3977 1962 4052 Sanctus,
2014 3983 2085 4043 et
2126 3977 2248 4041 illa

374 4180 460 4240 cil,
481 4178 671 4239 Gnido,
691 4177 791 4226 and
812 4183 899 4227 not
919 4176 1162 4237 william,
1179 4190 1283 4225 was
1330 4175 1479 4226 nobii.
1503 4177 1527 4240 ]
1562 4176 1647 4226 He
1680 4191 1790 4226 was
1823 4177 2035 4227 founder
2068 4177 2127 4227 of
2162 4176 2247 4224 the

375 4248 674 4309 archbishop
705 4247 763 4296 of
787 4248 946 4308 Sens3
989 4245 1073 4295 the
1104 4245 1286 4295 former
1332 4253 1615 4307 monastery
1625 4247 1683 4296 of
1699 4247 1875 4304 Flore3
1896 4247 1976 4295 his
1993 4247 2125 4294 book
2141 4259 2249 4293 was

376 4318 561 4380 having
593 4317 871 4367 succeeded
902 4322 955 4365 ω
989 4315 1074 4365 the
1111 4329 1194 4364 see
1232 4316 1285 4363 in
1333 4315 1642 4365 condemned
1663 4317 1715 4364 in
1737 4317 1823 4365 the
1844 4314 2011 4365 fourth
2031 4315 2248 4362 Later-an

375 4392 523 4438 1175.
583 4387 778 4439 Concil.
799 4400 872 4437 v1.
893 4387 950 4437 ii.
972 4386 1070 4435 eol.
1095 4388 1240 4436 1625.
1335 4386 1551 4445 council,
1583 4386 1638 4434 in
1674 4389 1830 4445 12153
1875 4398 1961 4434 see
1995 4382 2249 4444 Harduin,

445 4455 460 4485 ¹
479 4459 759 4506 Intendere:
783 4491 798 4508 .
824 4491 838 4506 .
862 4490 878 4506 .
899 4455 1191 4516 adhiberem]
1226 4454 1289 4503 In
1336 4460 1455 4502 tom.
1477 4454 1567 4504 vii.
1590 4470 1643 4516 p.
1665 4458 1745 4504 18.
1793 4454 1893 4503 His
1915 4452 2003 4502 life
2024 4453 2069 4501 is
2095 4451 2251 4513 print·

369 4527 484 4578 MS.
507 4526 801 4576 ‘intendens
826 4560 840 4575 .
867 4560 881 4575 .
906 4560 920 4574 .
943 4517 1219 4573 adhibens.⁸
1340 4522 1405 4571 ed
1437 4522 1491 4570 in
1524 4522 1611 4571 the
1647 4523 1765 4572 Act.
1797 4524 1889 4573 SS.
1928 4536 2086 4572 mens.
2120 4521 2251 4571 Mai.

440 4594 464 4628 ¹
485 4596 649 4646 Abba
675 4595 899 4644 sonem
931 4592 1178 4644 Florensis
1197 4607 1291 4640 σω·
1339 4598 1459 4641 tom.
1480 4592 1570 4642 vii.
1593 4607 1647 4653 p.
1668 4596 1751 4643 89.

467 4705 625 4751 von.
658 4703 735 4752 ιι.
1830 4681 1876 4745 2
1911 4698 1957 4744 n

2270 1021 2509 1062 A.n.·1179.

2274 3408 2410 3448 Abbot

2273 3454 2496 3497 Joaehim’·

2274 3508 2379 3546 book
2396 3507 2559 3556 agnum

2276 3557 2409 3597 soter.
