3457 5887
1003 829 1279 878 smnus
1320 829 1853 879 ms‘roaulnuu.
2240 816 2367 881 187

492 990 592 1055 tia
666 996 1025 1072 genuerat,
1087 989 1230 1054 filia
1291 990 1472 1071 regis
1534 988 1839 1071 Philippi
1912 989 2360 1054 Francorum.
2387 1011 2498 1052 ω.
2520 1013 2631 1052 noo.

495 1083 715 1155 Obiit¹
769 1097 1000 1154 autem
1041 1088 1280 1153 eodem
1322 1096 1626 1172 tempore
1669 1088 1848 1152 idem
1890 1109 2017 1153 rex
2059 1089 2362 1155 Franco·
2390 1111 2528 1151 noun
2542 1112 2590 1150 α

498 1209 651 1252 rum
697 1188 1083 1272 PhilippuS,
1115 1188 1224 1254 vir
1257 1188 1567 1266 illustris,
1598 1195 1669 1252 et
1710 1189 2043 1253 successit
2074 1188 2140 1253 ei
2182 1189 2363 1253 filius
2387 1161 2643 1253 {rw

500 1289 650 1373 ejus
706 1288 1112 1353 Lodowicus
1166 1288 1411 1371 viginti
1460 1295 1619 1352 octo
1661 1289 1883 1352 annis.
2005 1288 2143 1353 Per
2183 1288 2364 1354 idem

501 1396 771 1471 tempus
833 1387 1273 1453 Baldewinus
1324 1406 1552 1452 comes
1610 1386 2005 1452 Edessanus
2047 1395 2118 1452 et
2159 1387 2206 1452 J
2209 1408 2367 1453 oce-

505 1488 687 1552 linus
720 1488 1266 1570 consanguineus
1308 1486 1484 1571 ejus,
1511 1486 1693 1551 datis
1735 1507 1863 1569 pro
1904 1487 2369 1572 redemptione

507 1606 637 1652 sua
683 1587 1055 1665 obsidibus,
1105 1606 1151 1651 a
1187 1587 1571 1651 Turcorum
1616 1585 1910 1652 vinculis
1955 1587 2368 1669 liberantur3

506 1695 577 1751 et
637 1694 796 1769 post
852 1686 998 1751 dies
1055 1706 1315 1770 paucos
1370 1686 1572 1751 iidem
1622 1685 1895 1750 obsides
1948 1686 2037 1751 ad
2094 1688 2373 1770 propria

502 1794 667 1851 sunt
706 1787 986 1864 reversi,
1017 1785 1415 1851 custodibus
1446 1785 1846 1850 interfectis·
1949 1785 2206 1851 Eodem
2240 1807 2367 1851 an-

503 1905 596 1950 no
640 1879 665 1917 ²
678 1886 1105 1951 Bertrannus
1145 1904 1373 1950 comes
1405 1885 1862 1964 Tholosanus,
1893 1885 2163 1951 comitis
2208 1885 2375 1951 Rei-

505 1985 747 2049 mundi
814 1984 1024 2062 filius,
1094 1984 1277 2069 apud
1345 1985 1584 2050 urbem
1643 1984 2146 2069 Tripolitanum
2214 2006 2370 2050 cum

507 2085 735 2148 classe
757 2084 804 2149 J
808 2084 1213 2148 anuensium
1238 2083 1618 2166 applicans,
1640 2085 1940 2163 Biblum,
1961 2087 2196 2150 urbem
2224 2106 2374 2150 ma-

512 2184 815 2248 ritimam
876 2182 1228 2248 Phoenicis
1279 2184 1605 2265 regionis,
1651 2183 1923 2249 obsedit
1962 2193 2032 2249 et
2073 2186 2258 2267 cepit
2303 2193 2376 2250 et

516 2281 928 2348 Christianae
950 2282 1253 2347 restituit
1271 2283 1523 2347 unitati
1543 2303 1563 2363 ;
1591 2282 1837 2348 deinde
1857 2291 2017 2367 post
2038 2284 2186 2348 dies
2206 2304 2378 2367 pau-

511 2401 633 2446 cos
667 2402 791 2446 rex
824 2382 1261 2447 Hierusalem
1290 2382 1755 2461 Baldewinus,
1787 2384 2047 2449 auxilio
2075 2383 2379 2468 ejusdem

511 2482 780 2546 comitis
816 2490 887 2547 et
923 2482 1171 2547 classis
1199 2481 1574 2564 praedictae,
1607 2482 1945 2566 Tripolim
1980 2482 2381 2568 subjugavit

510 2588 582 2646 et
614 2600 765 2645 eam
798 2582 1032 2647 comiti
1066 2582 1457 2647 Bertranno
1485 2581 1792 2647 donavit.

572 2753 748 2834 Quod
774 2776 882 2820 rom
912 2754 1231 2819 Henricus
1253 2753 1547 2839 quosdam
1573 2755 1858 2819 inimicos
1880 2775 2017 2818 suos
2042 2752 2340 2819 mlaoit.

615 2878 821 2945 Anno
872 2878 1154 2945 Domini
1196 2895 1378 2942 uox.
1423 2896 1549 2941 rex
1596 2875 1982 2959 Anglorum
2036 2874 2383 2940 Henricus
2407 2894 2517 2934 Am.
2540 2895 2650 2934 ιιιο.

518 2970 1019 3045 exhaeredavit³
1051 2978 1446 3062 Philippum
1482 2977 1568 3042 de
1612 2977 1931 3054 Brausia,
1964 2976 2384 3041 Willelmum
2407 2946 2668 3087 Ξῗιηιιῗοῗω

521 3098 800 3162 quoque
861 3078 1082 3143 Malet
1141 3085 1213 3142 et
1267 3077 1687 3142 Willelmum
1744 3075 2030 3154 Binard,
2083 3083 2158 3140 et
2213 3076 2387 3141 alios
2408 3057 2625 3138 unffi-m

523 3179 912 3262 proditores
958 3196 1143 3256 suos,
1185 3186 1397 3261 atque
1422 3176 1727 3254 Hem,
1758 3175 2245 3241 Cenomanniae
2274 3196 2389 3242 co-

518 3279 783 3356 mitem,
817 3278 936 3361 qui
975 3279 1374 3342 comitatum
1414 3276 1609 3341 illum
1642 3276 1726 3341 de
1759 3296 1923 3360 rege
1947 3277 2252 3354 tenebat,
2284 3277 2389 3340 vi-

525 3388 604 3443 ta
647 3378 991 3460 privavit3
1038 3377 1221 3461 quod
1265 3376 1552 3441 audiens
1599 3395 1828 3441 comes
1866 3374 2386 3458 Andegavensis

530 3476 908 3542 Gaufridns
974 3476 1277 3559 suscepit
1330 3476 1541 3540 filiam
1589 3475 1895 3560 ejusdem
1946 3475 2175 3540 Heliae
2230 3495 2385 3540 cum

525 3578 858 3642 comitatu
887 3576 1030 3654 illo,
1060 3582 1130 3641 et
1158 3576 1382 3641 tenuit
1411 3575 1604 3639 illum
1634 3582 1876 3641 contra
1917 3595 2145 3657 regem
2189 3574 2387 3639 Hen-

527 3678 766 3742 ricum.
868 3676 1129 3741 Eodem
1172 3695 1355 3740 anno
1399 3674 1816 3753 Richardus,
1843 3676 2056 3739 abbas
2086 3675 2391 3740 ecclesiae

528 3778 753 3842 sancti
784 3774 1065 3855 Albani,
1101 3776 1439 3859 pretiosas
1479 3775 1858 3840 beatissimi
1895 3775 2080 3857 regis
2113 3781 2185 3840 et
2215 3794 2396 3839 mar-

529 3877 704 3959 tyris
747 3870 773 3908 ⁴
785 3876 1047 3941 Oswini
1089 3875 1412 3958 reliquias
1467 3894 1624 3940 cum
1664 3894 1920 3957 magno
1962 3874 2127 3939 cleri
2159 3881 2229 3939 et
2269 3893 2394 3957 po-

526 3976 679 4059 puli
754 3975 1053 4059 tripudio
1109 3975 1184 4039 in
1243 3994 1494 4041 novam
1550 3975 1684 4040 Dei
1744 3974 2095 4057 genitricis
2151 3973 2396 4037 Mariae

532 4076 895 4141 transtulit
946 4074 1301 4139 basilicam
1361 4075 1544 4158 apud
1586 4074 2094 4151 Tinemutham,
2135 4075 2225 4138 ab
2273 4091 2397 4137 an-

529 4176 727 4257 tiquo
786 4175 1087 4259 ejusdem
1142 4173 1276 4239 Dei
1345 4173 1696 4257 genitricis
1755 4174 2082 4250 oratorio,
2137 4172 2212 4236 in
2259 4192 2398 4256 quo

611 4339 626 4369 ¹
653 4343 795 4391 Obiit
821 4343 1024 4407 autem]
1055 4343 1151 4393 See
1185 4343 1361 4405 above,
1392 4358 1445 4405 p.
1495 4342 1847 4405 Huntingdon‚
1878 4342 1994 4392 who
2026 4343 2166 4404 gives
2196 4341 2312 4403 only
2343 4355 2403 4390 as

530 4416 650 4473 184,
668 4417 778 4462 note
793 4409 832 4462 ².
1493 4413 1577 4462 the
1598 4427 1777 4461 reason
1792 4413 1869 4461 sor
1879 4412 1980 4461 this
2001 4417 2084 4461 act
2098 4411 2155 4460 os
2161 4411 2247 4460 the
2263 4411 2404 4473 king,

606 4483 633 4518 ²
657 4476 1023 4550 Ber-traam]
1067 4481 1088 4511 ‘
1112 4482 1448 4543 Bertramnn'
1494 4484 1511 4512 ‘
1528 4484 1615 4544 qui
1636 4483 1687 4532 ei
1706 4476 2024 4542 nocuerant?
2044 4496 2098 4543 p.
2121 4484 2232 4530 879.

534 4553 679 4602 will.
701 4553 822 4614 Tyr.
845 4569 897 4615 p.
918 4557 1035 4602 8⁰⁰.
1564 4550 1586 4583 ⁴
1612 4552 1850 4616 oum]
1882 4553 1978 4601 See
2011 4552 2092 4611 his
2113 4551 2319 4611 passion
2352 4550 2405 4598 in

604 4620 628 4652 ⁸
654 4622 1017 4672 Exheredavit.
1050 4621 1073 4685 ]
1149 4622 1218 4671 So
1273 4622 1449 4683 Hem-y
1496 4621 1579 4672 the
1602 4624 1709 4672 first
1730 4623 1944 4683 volume,
1965 4637 2017 4683 p.
2043 4625 2155 4671 145.
2183 4660 2188 4667 .
