<?xml version="1.0" encoding="UTF-8"?>
<!DOCTYPE html PUBLIC "-//W3C//DTD XHTML 1.0 Transitional//EN"
    "http://www.w3.org/TR/xhtml1/DTD/xhtml1-transitional.dtd">
<html xmlns="http://www.w3.org/1999/xhtml" xml:lang="en" lang="en">
 <head>
  <title>
</title>
<meta http-equiv="Content-Type" content="text/html;charset=utf-8" />
  <meta name='ocr-system' content='tesseract 3.04.00' />
  <meta name='ocr-capabilities' content='ocr_page ocr_carea ocr_par ocr_line ocrx_word'/>
</head>
<body>
  <div class='ocr_page' id='page_1' title='image "./rogeridewendove00wendgoog_0353.png"; bbox 0 0 3457 5887; ppageno 0'>
   <div class='ocr_carea' id='block_1_1' title="bbox 902 831 2270 897">
    <p class='ocr_par' dir='ltr' id='par_1_1' title="bbox 902 831 2270 897">
     <span class='ocr_line' id='line_1_1' title="bbox 902 831 2270 897; baseline -0.002 0"><span class='ocrx_word' id='word_1_1' title='bbox 902 848 1177 897; x_wconf 67' lang='lat' dir='ltr'><strong>smnus</strong></span> <span class='ocrx_word' id='word_1_2' title='bbox 1226 846 1757 897; x_wconf 65' lang='lat' dir='ltr'><strong>msronmnuu.</strong></span> <span class='ocrx_word' id='word_1_3' title='bbox 2141 831 2270 894; x_wconf 80' lang='lat'><strong>349</strong></span> 
     </span>
    </p>
   </div>
   <div class='ocr_carea' id='block_1_2' title="bbox 710 997 2332 1166">
    <p class='ocr_par' dir='ltr' id='par_1_2' title="bbox 710 997 2332 1166">
     <span class='ocr_line' id='line_1_2' title="bbox 712 997 2332 1068; baseline -0.002 -9"><span class='ocrx_word' id='word_1_4' title='bbox 712 999 903 1060; x_wconf 88' lang='lat' dir='ltr'><strong>Seinte</strong></span> <span class='ocrx_word' id='word_1_5' title='bbox 931 998 1137 1068; x_wconf 86' lang='lat' dir='ltr'><strong>Marie,</strong></span> <span class='ocrx_word' id='word_1_6' title='bbox 1167 997 1422 1061; x_wconf 72' lang='lat' dir='ltr'><strong>Christos</strong></span> <span class='ocrx_word' id='word_1_7' title='bbox 1448 999 1608 1068; x_wconf 88' lang='lat' dir='ltr'><strong>bour,</strong></span> <span class='ocrx_word' id='word_1_8' title='bbox 2294 1023 2332 1062; x_wconf 74' lang='grc' dir='ltr'><strong>Α</strong></span> 
     </span>
     <span class='ocr_line' id='line_1_3' title="bbox 710 1094 2324 1166; baseline -0.001 -12"><span class='ocrx_word' id='word_1_9' title='bbox 710 1095 1007 1155; x_wconf 84' lang='lat' dir='ltr'><strong>Meidenes</strong></span> <span class='ocrx_word' id='word_1_10' title='bbox 1038 1095 1291 1166; x_wconf 88' lang='lat' dir='ltr'><strong>cleuhed‚</strong></span> <span class='ocrx_word' id='word_1_11' title='bbox 1317 1094 1571 1154; x_wconf 84' lang='lat' dir='ltr'><strong>moderes</strong></span> <span class='ocrx_word' id='word_1_12' title='bbox 1599 1095 1764 1165; x_wconf 86' lang='lat' dir='ltr'><strong>flour,</strong></span> <span class='ocrx_word' id='word_1_13' title='bbox 2296 1123 2324 1162; x_wconf 74' lang='lat' dir='ltr'><strong>g</strong></span> 
     </span>
    </p>
   </div>
   <div class='ocr_carea' id='block_1_3' title="bbox 712 1190 2025 1367">
    <p class='ocr_par' dir='ltr' id='par_1_3' title="bbox 712 1190 2025 1367">
     <span class='ocr_line' id='line_1_4' title="bbox 712 1190 2025 1269; baseline 0 -19"><span class='ocrx_word' id='word_1_14' title='bbox 712 1191 983 1250; x_wconf 82' lang='lat' dir='ltr'><strong>Delivere</strong></span> <span class='ocrx_word' id='word_1_15' title='bbox 1007 1193 1159 1250; x_wconf 88' lang='lat' dir='ltr'><strong>mine</strong></span> <span class='ocrx_word' id='word_1_16' title='bbox 1186 1211 1418 1261; x_wconf 85' lang='lat' dir='ltr'><strong>sennen,</strong></span> <span class='ocrx_word' id='word_1_17' title='bbox 1445 1211 1616 1269; x_wconf 83' lang='lat' dir='ltr'><strong>regne</strong></span> <span class='ocrx_word' id='word_1_18' title='bbox 1642 1193 1702 1249; x_wconf 91' lang='lat' dir='ltr'><strong>in</strong></span> <span class='ocrx_word' id='word_1_19' title='bbox 1728 1191 1847 1248; x_wconf 87' lang='lat' dir='ltr'><strong>min</strong></span> <span class='ocrx_word' id='word_1_20' title='bbox 1874 1190 2025 1260; x_wconf 85' lang='lat' dir='ltr'><strong>mod,</strong></span> 
     </span>
     <span class='ocr_line' id='line_1_5' title="bbox 714 1286 1924 1367; baseline -0.001 -21"><span class='ocrx_word' id='word_1_21' title='bbox 714 1287 928 1367; x_wconf 81' lang='lat' dir='ltr'><strong>Bringe</strong></span> <span class='ocrx_word' id='word_1_22' title='bbox 953 1308 1046 1347; x_wconf 88' lang='lat' dir='ltr'><strong>me</strong></span> <span class='ocrx_word' id='word_1_23' title='bbox 1071 1296 1132 1347; x_wconf 90' lang='lat' dir='ltr'><strong>to</strong></span> <span class='ocrx_word' id='word_1_24' title='bbox 1159 1288 1330 1346; x_wconf 86' lang='lat' dir='ltr'><strong>blisse</strong></span> <span class='ocrx_word' id='word_1_25' title='bbox 1356 1289 1451 1346; x_wconf 81' lang='lat' dir='ltr'><strong>wit</strong></span> <span class='ocrx_word' id='word_1_26' title='bbox 1476 1288 1561 1346; x_wconf 87' lang='lat' dir='ltr'><strong>thi</strong></span> <span class='ocrx_word' id='word_1_27' title='bbox 1588 1288 1727 1346; x_wconf 84' lang='lat' dir='ltr'><strong>selfe</strong></span> <span class='ocrx_word' id='word_1_28' title='bbox 1755 1286 1924 1347; x_wconf 76' lang='lat' dir='ltr'><strong>God:</strong></span> 
     </span>
    </p>
   </div>
   <div class='ocr_carea' id='block_1_4' title="bbox 397 1458 2286 2736">
    <p class='ocr_par' dir='ltr' id='par_1_4' title="bbox 397 1458 2286 2736">
     <span class='ocr_line' id='line_1_6' title="bbox 400 1458 2272 1543; baseline -0.001 -19"><span class='ocrx_word' id='word_1_29' title='bbox 400 1460 563 1525; x_wconf 88' lang='lat' dir='ltr'><strong>Hoc</strong></span> <span class='ocrx_word' id='word_1_30' title='bbox 630 1461 970 1525; x_wconf 88' lang='lat' dir='ltr'><strong>canticum</strong></span> <span class='ocrx_word' id='word_1_31' title='bbox 1042 1466 1272 1543; x_wconf 88' lang='lat' dir='ltr'><strong>potest</strong></span> <span class='ocrx_word' id='word_1_32' title='bbox 1343 1458 1473 1524; x_wconf 90' lang='lat' dir='ltr'><strong>hoc</strong></span> <span class='ocrx_word' id='word_1_33' title='bbox 1540 1460 1742 1524; x_wconf 88' lang='lat' dir='ltr'><strong>modo</strong></span> <span class='ocrx_word' id='word_1_34' title='bbox 1812 1460 1885 1522; x_wconf 92' lang='lat' dir='ltr'><strong>in</strong></span> <span class='ocrx_word' id='word_1_35' title='bbox 1949 1459 2272 1524; x_wconf 89' lang='lat' dir='ltr'><strong>Latinum</strong></span> 
     </span>
     <span class='ocr_line' id='line_1_7' title="bbox 398 1557 2275 1640; baseline -0.001 -16"><span class='ocrx_word' id='word_1_36' title='bbox 398 1559 793 1640; x_wconf 82' lang='lat' dir='ltr'><strong>transferri3</strong></span> <span class='ocrx_word' id='word_1_37' title='bbox 858 1565 880 1595; x_wconf 88' lang='lat'><em>‘</em></span> <span class='ocrx_word' id='word_1_38' title='bbox 904 1560 1163 1624; x_wconf 87' lang='lat' dir='ltr'><strong>Sancta</strong></span> <span class='ocrx_word' id='word_1_39' title='bbox 1206 1558 1457 1635; x_wconf 84' lang='lat' dir='ltr'><strong>Maria,</strong></span> <span class='ocrx_word' id='word_1_40' title='bbox 1489 1557 1685 1639; x_wconf 85' lang='lat' dir='ltr'><strong>virgo</strong></span> <span class='ocrx_word' id='word_1_41' title='bbox 1725 1560 2007 1638; x_wconf 90' lang='lat' dir='ltr'><strong>munda,</strong></span> <span class='ocrx_word' id='word_1_42' title='bbox 2053 1566 2275 1624; x_wconf 90' lang='lat' dir='ltr'><strong>mater</strong></span> 
     </span>
     <span class='ocr_line' id='line_1_8' title="bbox 397 1658 2273 1742; baseline 0 -19"><span class='ocrx_word' id='word_1_43' title='bbox 397 1659 617 1724; x_wconf 80' lang='lat' dir='ltr'><strong>Jhesu</strong></span> <span class='ocrx_word' id='word_1_44' title='bbox 665 1659 921 1724; x_wconf 89' lang='lat' dir='ltr'>Christi</span> <span class='ocrx_word' id='word_1_45' title='bbox 964 1658 1336 1735; x_wconf 88' lang='lat' dir='ltr'><strong>Nazareni,</strong></span> <span class='ocrx_word' id='word_1_46' title='bbox 1375 1658 1667 1742; x_wconf 86' lang='lat' dir='ltr'><strong>suscipe,</strong></span> <span class='ocrx_word' id='word_1_47' title='bbox 1707 1658 1951 1737; x_wconf 90' lang='lat' dir='ltr'><strong>adduc,</strong></span> <span class='ocrx_word' id='word_1_48' title='bbox 2006 1666 2273 1737; x_wconf 90' lang='lat' dir='ltr'><strong>sancta,</strong></span> 
     </span>
     <span class='ocr_line' id='line_1_9' title="bbox 399 1756 2276 1841; baseline 0.001 -19"><span class='ocrx_word' id='word_1_49' title='bbox 399 1766 625 1824; x_wconf 89' lang='lat' dir='ltr'><strong>tecum</strong></span> <span class='ocrx_word' id='word_1_50' title='bbox 675 1760 746 1823; x_wconf 92' lang='lat' dir='ltr'><strong>in</strong></span> <span class='ocrx_word' id='word_1_51' title='bbox 796 1758 930 1823; x_wconf 92' lang='lat' dir='ltr'><strong>Dei</strong></span> <span class='ocrx_word' id='word_1_52' title='bbox 982 1778 1293 1841; x_wconf 83' lang='lat' dir='ltr'><strong>regnum.</strong></span> <span class='ocrx_word' id='word_1_53' title='bbox 1417 1756 1671 1822; x_wconf 87' lang='lat' dir='ltr'><strong>Sancta</strong></span> <span class='ocrx_word' id='word_1_54' title='bbox 1721 1758 1973 1836; x_wconf 85' lang='lat' dir='ltr'><strong>Maria,</strong></span> <span class='ocrx_word' id='word_1_55' title='bbox 2019 1758 2276 1823; x_wconf 87' lang='lat' dir='ltr'><strong>Christi</strong></span> 
     </span>
     <span class='ocr_line' id='line_1_10' title="bbox 399 1856 2277 1941; baseline 0 -18"><span class='ocrx_word' id='word_1_56' title='bbox 399 1858 769 1937; x_wconf 81' lang='lat' dir='ltr'><strong>thalamus,</strong></span> <span class='ocrx_word' id='word_1_57' title='bbox 796 1858 1151 1941; x_wconf 83' lang='lat' dir='ltr'><strong>virginalis</strong></span> <span class='ocrx_word' id='word_1_58' title='bbox 1184 1857 1474 1940; x_wconf 82' lang='lat' dir='ltr'><strong>puritas,</strong></span> <span class='ocrx_word' id='word_1_59' title='bbox 1496 1856 1736 1921; x_wconf 90' lang='lat' dir='ltr'><strong>matris</strong></span> <span class='ocrx_word' id='word_1_60' title='bbox 1767 1857 1917 1935; x_wconf 87' lang='lat' dir='ltr'><strong>flos,</strong></span> <span class='ocrx_word' id='word_1_61' title='bbox 1945 1858 2094 1922; x_wconf 92' lang='lat' dir='ltr'><strong>dele</strong></span> <span class='ocrx_word' id='word_1_62' title='bbox 2124 1878 2277 1923; x_wconf 86' lang='lat' dir='ltr'><strong>mea</strong></span> 
     </span>
     <span class='ocr_line' id='line_1_11' title="bbox 404 1956 2275 2041; baseline 0 -19"><span class='ocrx_word' id='word_1_63' title='bbox 404 1959 715 2036; x_wconf 89' lang='lat' dir='ltr'><strong>crimina,</strong></span> <span class='ocrx_word' id='word_1_64' title='bbox 757 1978 969 2041; x_wconf 78' lang='lat' dir='ltr'><strong>regna</strong></span> <span class='ocrx_word' id='word_1_65' title='bbox 1004 1960 1077 2022; x_wconf 89' lang='lat' dir='ltr'><strong>in</strong></span> <span class='ocrx_word' id='word_1_66' title='bbox 1122 1963 1348 2022; x_wconf 87' lang='lat' dir='ltr'><strong>mente</strong></span> <span class='ocrx_word' id='word_1_67' title='bbox 1390 1975 1567 2034; x_wconf 91' lang='lat' dir='ltr'><strong>mea,</strong></span> <span class='ocrx_word' id='word_1_68' title='bbox 1607 1956 1739 2020; x_wconf 90' lang='lat' dir='ltr'><strong>duc</strong></span> <span class='ocrx_word' id='word_1_69' title='bbox 1781 1977 1888 2021; x_wconf 90' lang='lat' dir='ltr'><strong>me</strong></span> <span class='ocrx_word' id='word_1_70' title='bbox 1933 1957 2019 2021; x_wconf 91' lang='lat' dir='ltr'><strong>ad</strong></span> <span class='ocrx_word' id='word_1_71' title='bbox 2063 1957 2275 2022; x_wconf 82' lang='lat' dir='ltr'><strong>felici-</strong></span> 
     </span>
     <span class='ocr_line' id='line_1_12' title="bbox 402 2055 2279 2139; baseline -0.001 -17"><span class='ocrx_word' id='word_1_72' title='bbox 402 2065 621 2122; x_wconf 82' lang='lat' dir='ltr'><strong>tatem</strong></span> <span class='ocrx_word' id='word_1_73' title='bbox 672 2077 826 2121; x_wconf 92' lang='lat' dir='ltr'><strong>cum</strong></span> <span class='ocrx_word' id='word_1_74' title='bbox 872 2058 1021 2122; x_wconf 91' lang='lat' dir='ltr'><strong>solo</strong></span> <span class='ocrx_word' id='word_1_75' title='bbox 1072 2057 1270 2125; x_wconf 87' lang='lat' dir='ltr'><strong>De0.’</strong></span> <span class='ocrx_word' id='word_1_76' title='bbox 1382 2055 1723 2139; x_wconf 86' lang='lat' dir='ltr'><strong>Praecepit</strong></span> <span class='ocrx_word' id='word_1_77' title='bbox 1769 2057 2002 2139; x_wconf 89' lang='lat' dir='ltr'><strong>itaque</strong></span> <span class='ocrx_word' id='word_1_78' title='bbox 2063 2065 2279 2122; x_wconf 87' lang='lat' dir='ltr'><strong>mater</strong></span> 
     </span>
     <span class='ocr_line' id='line_1_13' title="bbox 408 2156 2281 2240; baseline 0 -20"><span class='ocrx_word' id='word_1_79' title='bbox 408 2156 689 2235; x_wconf 88' lang='lat' dir='ltr'><strong>Christi,</strong></span> <span class='ocrx_word' id='word_1_80' title='bbox 735 2163 815 2221; x_wconf 90' lang='lat' dir='ltr'><strong>ut</strong></span> <span class='ocrx_word' id='word_1_81' title='bbox 856 2157 1173 2240; x_wconf 91' lang='lat' dir='ltr'><strong>quotiens</strong></span> <span class='ocrx_word' id='word_1_82' title='bbox 1215 2156 1459 2233; x_wconf 89' lang='lat' dir='ltr'><strong>dolori,</strong></span> <span class='ocrx_word' id='word_1_83' title='bbox 1511 2156 1718 2220; x_wconf 81' lang='lat' dir='ltr'><strong>taedio</strong></span> <span class='ocrx_word' id='word_1_84' title='bbox 1756 2156 1869 2220; x_wconf 82' lang='lat' dir='ltr'><strong>vel</strong></span> <span class='ocrx_word' id='word_1_85' title='bbox 1917 2157 2281 2220; x_wconf 83' lang='lat' dir='ltr'><strong>tentationi</strong></span> 
     </span>
     <span class='ocr_line' id='line_1_14' title="bbox 407 2254 2281 2335; baseline -0.001 -15"><span class='ocrx_word' id='word_1_86' title='bbox 407 2257 847 2321; x_wconf 80' lang='lat' dir='ltr'><strong>succumbere</strong></span> <span class='ocrx_word' id='word_1_87' title='bbox 880 2256 1295 2333; x_wconf 81' lang='lat' dir='ltr'><strong>formidaret,</strong></span> <span class='ocrx_word' id='word_1_88' title='bbox 1339 2254 1467 2319; x_wconf 91' lang='lat' dir='ltr'><strong>hoc</strong></span> <span class='ocrx_word' id='word_1_89' title='bbox 1496 2274 1571 2319; x_wconf 89' lang='lat' dir='ltr'><strong>se</strong></span> <span class='ocrx_word' id='word_1_90' title='bbox 1604 2256 1875 2319; x_wconf 91' lang='lat' dir='ltr'><strong>cantico</strong></span> <span class='ocrx_word' id='word_1_91' title='bbox 1905 2256 2281 2335; x_wconf 87' lang='lat' dir='ltr'><strong>solaretur;</strong></span> 
     </span>
     <span class='ocr_line' id='line_1_15' title="bbox 408 2354 2285 2439; baseline 0 -20"><span class='ocrx_word' id='word_1_92' title='bbox 408 2359 430 2389; x_wconf 89' lang='lat'><em>‘</em></span> <span class='ocrx_word' id='word_1_93' title='bbox 465 2354 650 2419; x_wconf 89' lang='lat' dir='ltr'><strong>Nam</strong></span> <span class='ocrx_word' id='word_1_94' title='bbox 694 2354 846 2434; x_wconf 86' lang='lat' dir='ltr'><strong>me,&#39;</strong></span> <span class='ocrx_word' id='word_1_95' title='bbox 899 2356 1146 2439; x_wconf 90' lang='lat' dir='ltr'><strong>inquit,</strong></span> <span class='ocrx_word' id='word_1_96' title='bbox 1190 2360 1211 2390; x_wconf 89' lang='lat'>‘</span> <span class='ocrx_word' id='word_1_97' title='bbox 1234 2355 1333 2419; x_wconf 88' lang='lat' dir='ltr'><strong>sic</strong></span> <span class='ocrx_word' id='word_1_98' title='bbox 1381 2354 1711 2419; x_wconf 87' lang='lat' dir='ltr'><strong>invocans</strong></span> <span class='ocrx_word' id='word_1_99' title='bbox 1759 2374 1983 2419; x_wconf 91' lang='lat' dir='ltr'><strong>meum</strong></span> <span class='ocrx_word' id='word_1_100' title='bbox 2031 2356 2285 2420; x_wconf 88' lang='lat' dir='ltr'><strong>senties</strong></span> 
     </span>
     <span class='ocr_line' id='line_1_16' title="bbox 407 2454 2285 2535; baseline 0.001 -17"><span class='ocrx_word' id='word_1_101' title='bbox 407 2462 805 2519; x_wconf 84' lang='lat' dir='ltr'><strong>constanter</strong></span> <span class='ocrx_word' id='word_1_102' title='bbox 874 2454 1256 2518; x_wconf 83' lang='lat' dir='ltr'><strong>auxilium.’</strong></span> <span class='ocrx_word' id='word_1_103' title='bbox 1386 2454 1656 2518; x_wconf 90' lang='lat' dir='ltr'><strong>Deinde</strong></span> <span class='ocrx_word' id='word_1_104' title='bbox 1719 2454 1995 2535; x_wconf 83' lang='lat' dir='ltr'><strong>signum</strong></span> <span class='ocrx_word' id='word_1_105' title='bbox 2061 2456 2285 2519; x_wconf 88' lang='lat' dir='ltr'><strong>crucis</strong></span> 
     </span>
     <span class='ocr_line' id='line_1_17' title="bbox 407 2554 2286 2638; baseline 0.001 -22"><span class='ocrx_word' id='word_1_106' title='bbox 407 2554 618 2636; x_wconf 89' lang='lat' dir='ltr'><strong>capiti</strong></span> <span class='ocrx_word' id='word_1_107' title='bbox 670 2555 821 2638; x_wconf 89' lang='lat' dir='ltr'><strong>ejus</strong></span> <span class='ocrx_word' id='word_1_108' title='bbox 874 2554 1294 2638; x_wconf 88' lang='lat' dir='ltr'><strong>imprimens,</strong></span> <span class='ocrx_word' id='word_1_109' title='bbox 1336 2554 1489 2636; x_wconf 90' lang='lat' dir='ltr'><strong>ipso</strong></span> <span class='ocrx_word' id='word_1_110' title='bbox 1536 2560 1880 2631; x_wconf 88' lang='lat' dir='ltr'><strong>cernente,</strong></span> <span class='ocrx_word' id='word_1_111' title='bbox 1926 2554 1997 2616; x_wconf 91' lang='lat' dir='ltr'><strong>in</strong></span> <span class='ocrx_word' id='word_1_112' title='bbox 2043 2555 2286 2619; x_wconf 84' lang='lat' dir='ltr'><strong>caelum</strong></span> 
     </span>
     <span class='ocr_line' id='line_1_18' title="bbox 406 2653 2241 2736; baseline 0.001 -20"><span class='ocrx_word' id='word_1_113' title='bbox 406 2654 809 2731; x_wconf 88' lang='lat' dir='ltr'><strong>ascendunt,</strong></span> <span class='ocrx_word' id='word_1_114' title='bbox 837 2653 1115 2718; x_wconf 89' lang='lat' dir='ltr'><strong>odorem</strong></span> <span class='ocrx_word' id='word_1_115' title='bbox 1147 2654 1210 2717; x_wconf 91' lang='lat' dir='ltr'><strong>ei</strong></span> <span class='ocrx_word' id='word_1_116' title='bbox 1242 2653 1724 2718; x_wconf 80' lang='lat' dir='ltr'><strong>suavissimum</strong></span> <span class='ocrx_word' id='word_1_117' title='bbox 1759 2653 2241 2736; x_wconf 88' lang='lat' dir='ltr'><strong>relinquentes.</strong></span> 
     </span>
    </p>
   </div>
   <div class='ocr_carea' id='block_1_5' title="bbox 445 2859 2253 2935">
    <p class='ocr_par' dir='ltr' id='par_1_5' title="bbox 445 2859 2253 2935">
     <span class='ocr_line' id='line_1_19' title="bbox 445 2859 2253 2935; baseline -0.001 -9"><span class='ocrx_word' id='word_1_118' title='bbox 445 2860 749 2935; x_wconf 73' lang='lat' dir='ltr'><strong>Quomodo</strong></span> <span class='ocrx_word' id='word_1_119' title='bbox 779 2869 1024 2925; x_wconf 73' lang='lat' dir='ltr'><strong>sanctus</strong></span> <span class='ocrx_word' id='word_1_120' title='bbox 1054 2860 1356 2926; x_wconf 75' lang='lat' dir='ltr'><strong>Godricus</strong></span> <span class='ocrx_word' id='word_1_121' title='bbox 1383 2859 1532 2924; x_wconf 69' lang='lat' dir='ltr'><strong>duos</strong></span> <span class='ocrx_word' id='word_1_122' title='bbox 1563 2868 1826 2924; x_wconf 75' lang='lat' dir='ltr'><strong>mortuos</strong></span> <span class='ocrx_word' id='word_1_123' title='bbox 1854 2861 2253 2926; x_wconf 72' lang='lat' dir='ltr'><strong>resuscitavit.</strong></span> 
     </span>
    </p>
   </div>
   <div class='ocr_carea' id='block_1_6' title="bbox 415 3000 2302 4676">
    <p class='ocr_par' dir='ltr' id='par_1_6' title="bbox 415 3000 2302 4676">
     <span class='ocr_line' id='line_1_20' title="bbox 514 3000 2285 3085; baseline 0.001 -21"><span class='ocrx_word' id='word_1_124' title='bbox 514 3000 876 3066; x_wconf 89' lang='lat' dir='ltr'><strong>Venerunt</strong></span> <span class='ocrx_word' id='word_1_125' title='bbox 907 3001 1016 3064; x_wconf 93' lang='lat' dir='ltr'><strong>die</strong></span> <span class='ocrx_word' id='word_1_126' title='bbox 1043 3001 1340 3085; x_wconf 89' lang='lat' dir='ltr'><strong>quodam</strong></span> <span class='ocrx_word' id='word_1_127' title='bbox 1364 3001 1450 3065; x_wconf 90' lang='lat' dir='ltr'><strong>ad</strong></span> <span class='ocrx_word' id='word_1_128' title='bbox 1486 3002 1825 3066; x_wconf 90' lang='lat' dir='ltr'><strong>hominem</strong></span> <span class='ocrx_word' id='word_1_129' title='bbox 1853 3002 1983 3066; x_wconf 91' lang='lat' dir='ltr'><strong>Dei</strong></span> <span class='ocrx_word' id='word_1_130' title='bbox 2007 3002 2111 3066; x_wconf 88' lang='lat' dir='ltr'><strong>vir</strong></span> <span class='ocrx_word' id='word_1_131' title='bbox 2131 3021 2285 3066; x_wconf 89' lang='lat' dir='ltr'><strong>cum</strong></span> 
     </span>
     <span class='ocr_line' id='line_1_21' title="bbox 416 3099 2289 3183; baseline 0.001 -19"><span class='ocrx_word' id='word_1_132' title='bbox 416 3120 636 3164; x_wconf 87' lang='lat' dir='ltr'><strong>uxore</strong></span> <span class='ocrx_word' id='word_1_133' title='bbox 678 3119 831 3178; x_wconf 89' lang='lat' dir='ltr'><strong>sua,</strong></span> <span class='ocrx_word' id='word_1_134' title='bbox 876 3099 1099 3183; x_wconf 87' lang='lat' dir='ltr'><strong>ipsum</strong></span> <span class='ocrx_word' id='word_1_135' title='bbox 1139 3101 1666 3166; x_wconf 89' lang='lat' dir='ltr'><strong>misericorditer</strong></span> <span class='ocrx_word' id='word_1_136' title='bbox 1703 3102 2162 3179; x_wconf 88' lang='lat' dir='ltr'><strong>obsecrantes,</strong></span> <span class='ocrx_word' id='word_1_137' title='bbox 2211 3110 2289 3166; x_wconf 91' lang='lat' dir='ltr'><strong>ut</strong></span> 
     </span>
     <span class='ocr_line' id='line_1_22' title="bbox 415 3199 2291 3282; baseline 0.002 -19"><span class='ocrx_word' id='word_1_138' title='bbox 415 3200 844 3264; x_wconf 84' lang='lat' dir='ltr'><strong>resuscitare.</strong></span> <span class='ocrx_word' id='word_1_139' title='bbox 872 3199 1082 3263; x_wconf 87' lang='lat' dir='ltr'><strong>filiam</strong></span> <span class='ocrx_word' id='word_1_140' title='bbox 1122 3219 1317 3265; x_wconf 88' lang='lat' dir='ltr'><strong>suam</strong></span> <span class='ocrx_word' id='word_1_141' title='bbox 1349 3208 1691 3265; x_wconf 89' lang='lat' dir='ltr'><strong>mortuam</strong></span> <span class='ocrx_word' id='word_1_142' title='bbox 1723 3200 2165 3282; x_wconf 80' lang='lat' dir='ltr'><strong>dignaretur3</strong></span> <span class='ocrx_word' id='word_1_143' title='bbox 2218 3209 2291 3266; x_wconf 89' lang='lat' dir='ltr'><strong>et</strong></span> 
     </span>
     <span class='ocr_line' id='line_1_23' title="bbox 417 3298 2288 3385; baseline 0.001 -21"><span class='ocrx_word' id='word_1_144' title='bbox 417 3319 668 3382; x_wconf 88' lang='lat' dir='ltr'><strong>corpus</strong></span> <span class='ocrx_word' id='word_1_145' title='bbox 703 3300 1017 3363; x_wconf 78' lang='lat' dir='ltr'><strong>exanime</strong></span> <span class='ocrx_word' id='word_1_146' title='bbox 1058 3298 1142 3364; x_wconf 88' lang='lat' dir='ltr'><strong>de</strong></span> <span class='ocrx_word' id='word_1_147' title='bbox 1183 3319 1385 3365; x_wconf 89' lang='lat' dir='ltr'><strong>sacco</strong></span> <span class='ocrx_word' id='word_1_148' title='bbox 1417 3301 1843 3364; x_wconf 83' lang='lat' dir='ltr'><strong>excutientes</strong></span> <span class='ocrx_word' id='word_1_149' title='bbox 1873 3320 2104 3365; x_wconf 90' lang='lat' dir='ltr'><strong>coram</strong></span> <span class='ocrx_word' id='word_1_150' title='bbox 2136 3302 2288 3385; x_wconf 88' lang='lat' dir='ltr'><strong>ipso</strong></span> 
     </span>
     <span class='ocr_line' id='line_1_24' title="bbox 418 3398 2289 3484; baseline 0.002 -22"><span class='ocrx_word' id='word_1_151' title='bbox 418 3399 591 3463; x_wconf 91' lang='lat' dir='ltr'><strong>illud</strong></span> <span class='ocrx_word' id='word_1_152' title='bbox 650 3399 1106 3484; x_wconf 89' lang='lat' dir='ltr'><strong>projecerunt.</strong></span> <span class='ocrx_word' id='word_1_153' title='bbox 1208 3398 1339 3464; x_wconf 91' lang='lat' dir='ltr'><strong>Vir</strong></span> <span class='ocrx_word' id='word_1_154' title='bbox 1384 3407 1613 3465; x_wconf 90' lang='lat' dir='ltr'><strong>autem</strong></span> <span class='ocrx_word' id='word_1_155' title='bbox 1674 3400 1980 3479; x_wconf 84' lang='lat' dir='ltr'><strong>Domini,</strong></span> <span class='ocrx_word' id='word_1_156' title='bbox 2034 3401 2152 3484; x_wconf 92' lang='lat' dir='ltr'><strong>qui</strong></span> <span class='ocrx_word' id='word_1_157' title='bbox 2200 3401 2289 3465; x_wconf 87' lang='lat' dir='ltr'><strong>ad</strong></span> 
     </span>
     <span class='ocr_line' id='line_1_25' title="bbox 416 3498 2291 3583; baseline 0.001 -20"><span class='ocrx_word' id='word_1_158' title='bbox 416 3505 636 3563; x_wconf 87' lang='lat' dir='ltr'><strong>tantae</strong></span> <span class='ocrx_word' id='word_1_159' title='bbox 664 3499 941 3563; x_wconf 83' lang='lat' dir='ltr'><strong>virtutis</strong></span> <span class='ocrx_word' id='word_1_160' title='bbox 970 3518 1141 3582; x_wconf 88' lang='lat' dir='ltr'><strong>opus</strong></span> <span class='ocrx_word' id='word_1_161' title='bbox 1191 3518 1265 3563; x_wconf 91' lang='lat' dir='ltr'><strong>se</strong></span> <span class='ocrx_word' id='word_1_162' title='bbox 1297 3498 1659 3583; x_wconf 87' lang='lat' dir='ltr'><strong>judicabat</strong></span> <span class='ocrx_word' id='word_1_163' title='bbox 1697 3500 2081 3582; x_wconf 80' lang='lat' dir='ltr'><strong>indignum,</strong></span> <span class='ocrx_word' id='word_1_164' title='bbox 2123 3501 2291 3564; x_wconf 91' lang='lat' dir='ltr'><strong>nihil</strong></span> 
     </span>
     <span class='ocr_line' id='line_1_26' title="bbox 416 3598 2289 3682; baseline 0.001 -21"><span class='ocrx_word' id='word_1_165' title='bbox 416 3598 796 3680; x_wconf 82' lang='lat' dir='ltr'><strong>respondit,</strong></span> <span class='ocrx_word' id='word_1_166' title='bbox 826 3598 946 3662; x_wconf 90' lang='lat' dir='ltr'><strong>sed</strong></span> <span class='ocrx_word' id='word_1_167' title='bbox 972 3598 1045 3661; x_wconf 90' lang='lat' dir='ltr'><strong>in</strong></span> <span class='ocrx_word' id='word_1_168' title='bbox 1087 3618 1327 3681; x_wconf 81' lang='lat' dir='ltr'><strong>agrum</strong></span> <span class='ocrx_word' id='word_1_169' title='bbox 1371 3600 1726 3682; x_wconf 89' lang='lat' dir='ltr'><strong>processit,</strong></span> <span class='ocrx_word' id='word_1_170' title='bbox 1771 3609 1851 3665; x_wconf 89' lang='lat' dir='ltr'><strong>ut</strong></span> <span class='ocrx_word' id='word_1_171' title='bbox 1892 3607 2289 3665; x_wconf 89' lang='lat' dir='ltr'><strong>consuetum</strong></span> 
     </span>
     <span class='ocr_line' id='line_1_27' title="bbox 415 3698 2290 3777; baseline 0.002 -16"><span class='ocrx_word' id='word_1_172' title='bbox 415 3705 775 3762; x_wconf 79' lang='lat' dir='ltr'><strong>exerceret</strong></span> <span class='ocrx_word' id='word_1_173' title='bbox 813 3698 1153 3777; x_wconf 87' lang='lat' dir='ltr'><strong>laborem;</strong></span> <span class='ocrx_word' id='word_1_174' title='bbox 1209 3698 1310 3761; x_wconf 88' lang='lat' dir='ltr'><strong>illi</strong></span> <span class='ocrx_word' id='word_1_175' title='bbox 1364 3707 1596 3763; x_wconf 88' lang='lat' dir='ltr'><strong>autem</strong></span> <span class='ocrx_word' id='word_1_176' title='bbox 1636 3700 1957 3764; x_wconf 89' lang='lat' dir='ltr'><strong>commoti</strong></span> <span class='ocrx_word' id='word_1_177' title='bbox 1997 3718 2290 3764; x_wconf 87' lang='lat' dir='ltr'><strong>recesse-</strong></span> 
     </span>
     <span class='ocr_line' id='line_1_28' title="bbox 415 3797 2288 3881; baseline 0.001 -21"><span class='ocrx_word' id='word_1_178' title='bbox 415 3803 607 3877; x_wconf 90' lang='lat' dir='ltr'><strong>runt,</strong></span> <span class='ocrx_word' id='word_1_179' title='bbox 647 3801 897 3881; x_wconf 85' lang='lat' dir='ltr'><strong>corpus</strong></span> <span class='ocrx_word' id='word_1_180' title='bbox 939 3797 1399 3879; x_wconf 88' lang='lat' dir='ltr'><strong>relinquentes</strong></span> <span class='ocrx_word' id='word_1_181' title='bbox 1433 3798 1505 3861; x_wconf 91' lang='lat' dir='ltr'><strong>in</strong></span> <span class='ocrx_word' id='word_1_182' title='bbox 1539 3799 1840 3863; x_wconf 88' lang='lat' dir='ltr'><strong>oratorio</strong></span> <span class='ocrx_word' id='word_1_183' title='bbox 1866 3806 1938 3864; x_wconf 85' lang='lat' dir='ltr'><strong>et</strong></span> <span class='ocrx_word' id='word_1_184' title='bbox 1963 3798 2288 3876; x_wconf 87' lang='lat' dir='ltr'><strong>dicentes,</strong></span> 
     </span>
     <span class='ocr_line' id='line_1_29' title="bbox 418 3896 2290 3974; baseline 0.001 -14"><span class='ocrx_word' id='word_1_185' title='bbox 418 3902 441 3931; x_wconf 89' lang='lat'>‘</span> <span class='ocrx_word' id='word_1_186' title='bbox 472 3896 759 3961; x_wconf 88' lang='lat' dir='ltr'><strong>Habeat</strong></span> <span class='ocrx_word' id='word_1_187' title='bbox 800 3896 1095 3962; x_wconf 77' lang='lat' dir='ltr'><strong>cadaver</strong></span> <span class='ocrx_word' id='word_1_188' title='bbox 1123 3903 1194 3960; x_wconf 88' lang='lat' dir='ltr'><strong>et</strong></span> <span class='ocrx_word' id='word_1_189' title='bbox 1224 3896 1537 3974; x_wconf 85' lang='lat' dir='ltr'><strong>infodiat,</strong></span> <span class='ocrx_word' id='word_1_190' title='bbox 1560 3897 1669 3961; x_wconf 82' lang='lat' dir='ltr'><strong>vel</strong></span> <span class='ocrx_word' id='word_1_191' title='bbox 1704 3898 1878 3961; x_wconf 91' lang='lat' dir='ltr'><strong>illud</strong></span> <span class='ocrx_word' id='word_1_192' title='bbox 1898 3899 2061 3962; x_wconf 79' lang='lat' dir='ltr'><strong>vitae</strong></span> <span class='ocrx_word' id='word_1_193' title='bbox 2090 3897 2290 3962; x_wconf 90' lang='lat' dir='ltr'><strong>resti-</strong></span> 
     </span>
     <span class='ocr_line' id='line_1_30' title="bbox 421 3996 2291 4079; baseline -0.001 -19"><span class='ocrx_word' id='word_1_194' title='bbox 421 4003 600 4074; x_wconf 88' lang='lat' dir='ltr'><strong>tuat,</strong></span> <span class='ocrx_word' id='word_1_195' title='bbox 643 3996 810 4078; x_wconf 90' lang='lat' dir='ltr'><strong>qnia</strong></span> <span class='ocrx_word' id='word_1_196' title='bbox 858 4003 1089 4079; x_wconf 86' lang='lat' dir='ltr'><strong>posset</strong></span> <span class='ocrx_word' id='word_1_197' title='bbox 1133 3997 1466 4061; x_wconf 88' lang='lat' dir='ltr'><strong>suscitare</strong></span> <span class='ocrx_word' id='word_1_198' title='bbox 1508 3997 1567 4060; x_wconf 89' lang='lat' dir='ltr'><strong>si</strong></span> <span class='ocrx_word' id='word_1_199' title='bbox 1601 3996 1851 4061; x_wconf 83' lang='lat' dir='ltr'><strong>vellet.&#39;</strong></span> <span class='ocrx_word' id='word_1_200' title='bbox 1952 3996 2291 4065; x_wconf 85' lang='lat' dir='ltr'><strong>Godricus</strong></span> 
     </span>
     <span class='ocr_line' id='line_1_31' title="bbox 422 4096 2294 4180; baseline -0.001 -20"><span class='ocrx_word' id='word_1_201' title='bbox 422 4115 707 4179; x_wconf 79' lang='lat' dir='ltr'><strong>vespere</strong></span> <span class='ocrx_word' id='word_1_202' title='bbox 736 4096 1012 4160; x_wconf 91' lang='lat' dir='ltr'><strong>domum</strong></span> <span class='ocrx_word' id='word_1_203' title='bbox 1045 4097 1312 4160; x_wconf 89' lang='lat' dir='ltr'><strong>rediens</strong></span> <span class='ocrx_word' id='word_1_204' title='bbox 1341 4096 1412 4159; x_wconf 91' lang='lat' dir='ltr'><strong>in</strong></span> <span class='ocrx_word' id='word_1_205' title='bbox 1438 4096 1695 4179; x_wconf 79' lang='lat' dir='ltr'><strong>angulo</strong></span> <span class='ocrx_word' id='word_1_206' title='bbox 1723 4097 2005 4162; x_wconf 88' lang='lat' dir='ltr'><strong>oratorii</strong></span> <span class='ocrx_word' id='word_1_207' title='bbox 2047 4114 2294 4180; x_wconf 89' lang='lat' dir='ltr'><strong>corpus</strong></span> 
     </span>
     <span class='ocr_line' id='line_1_32' title="bbox 422 4194 2296 4278; baseline -0.001 -19"><span class='ocrx_word' id='word_1_208' title='bbox 422 4194 727 4275; x_wconf 81' lang='lat' dir='ltr'><strong>invenit3</strong></span> <span class='ocrx_word' id='word_1_209' title='bbox 796 4195 884 4260; x_wconf 92' lang='lat' dir='ltr'><strong>ad</strong></span> <span class='ocrx_word' id='word_1_210' title='bbox 940 4196 1164 4260; x_wconf 89' lang='lat' dir='ltr'><strong>Deum</strong></span> <span class='ocrx_word' id='word_1_211' title='bbox 1207 4195 1421 4278; x_wconf 81' lang='lat' dir='ltr'><strong>igitur</strong></span> <span class='ocrx_word' id='word_1_212' title='bbox 1460 4203 1611 4261; x_wconf 87' lang='lat' dir='ltr'><strong>tota</strong></span> <span class='ocrx_word' id='word_1_213' title='bbox 1651 4196 1876 4261; x_wconf 88' lang='lat' dir='ltr'><strong>cordis</strong></span> <span class='ocrx_word' id='word_1_214' title='bbox 1920 4196 2296 4260; x_wconf 89' lang='lat' dir='ltr'><strong>intentione</strong></span> 
     </span>
     <span class='ocr_line' id='line_1_33' title="bbox 423 4294 2297 4380; baseline -0.002 -21"><span class='ocrx_word' id='word_1_215' title='bbox 423 4313 796 4359; x_wconf 81' lang='lat' dir='ltr'><strong>conversus</strong></span> <span class='ocrx_word' id='word_1_216' title='bbox 864 4296 1284 4360; x_wconf 89' lang='lat' dir='ltr'><strong>orationibus</strong></span> <span class='ocrx_word' id='word_1_217' title='bbox 1354 4296 1566 4380; x_wconf 78' lang='lat' dir='ltr'><strong>coepit</strong></span> <span class='ocrx_word' id='word_1_218' title='bbox 1628 4295 1913 4373; x_wconf 89' lang='lat' dir='ltr'><strong>instare,</strong></span> <span class='ocrx_word' id='word_1_219' title='bbox 1965 4301 2044 4359; x_wconf 92' lang='lat' dir='ltr'><strong>ut</strong></span> <span class='ocrx_word' id='word_1_220' title='bbox 2105 4294 2297 4358; x_wconf 90' lang='lat' dir='ltr'><strong>Deus</strong></span> 
     </span>
     <span class='ocr_line' id='line_1_34' title="bbox 426 4391 2296 4478; baseline -0.002 -21"><span class='ocrx_word' id='word_1_221' title='bbox 426 4395 883 4477; x_wconf 90' lang='lat' dir='ltr'><strong>omnipotens,</strong></span> <span class='ocrx_word' id='word_1_222' title='bbox 917 4397 1035 4478; x_wconf 88' lang='lat' dir='ltr'><strong>qui</strong></span> <span class='ocrx_word' id='word_1_223' title='bbox 1064 4395 1211 4461; x_wconf 82' lang='lat' dir='ltr'><strong>vita</strong></span> <span class='ocrx_word' id='word_1_224' title='bbox 1256 4396 1555 4460; x_wconf 91' lang='lat' dir='ltr'><strong>omnium</strong></span> <span class='ocrx_word' id='word_1_225' title='bbox 1603 4403 1709 4460; x_wconf 88' lang='lat' dir='ltr'><strong>est</strong></span> <span class='ocrx_word' id='word_1_226' title='bbox 1747 4404 1819 4460; x_wconf 91' lang='lat' dir='ltr'><strong>et</strong></span> <span class='ocrx_word' id='word_1_227' title='bbox 1861 4394 2074 4470; x_wconf 90' lang='lat' dir='ltr'><strong>salus,</strong></span> <span class='ocrx_word' id='word_1_228' title='bbox 2104 4391 2296 4475; x_wconf 86' lang='lat' dir='ltr'><strong>puel-</strong></span> 
     </span>
     <span class='ocr_line' id='line_1_35' title="bbox 430 4493 2302 4577; baseline -0.002 -21"><span class='ocrx_word' id='word_1_229' title='bbox 430 4493 573 4556; x_wconf 90' lang='lat' dir='ltr'><strong>lam</strong></span> <span class='ocrx_word' id='word_1_230' title='bbox 604 4495 690 4558; x_wconf 89' lang='lat' dir='ltr'><strong>ad</strong></span> <span class='ocrx_word' id='word_1_231' title='bbox 711 4496 923 4560; x_wconf 84' lang='lat' dir='ltr'><strong>vitam</strong></span> <span class='ocrx_word' id='word_1_232' title='bbox 953 4515 1274 4560; x_wconf 82' lang='lat' dir='ltr'><strong>revocare</strong></span> <span class='ocrx_word' id='word_1_233' title='bbox 1304 4494 1718 4577; x_wconf 83' lang='lat' dir='ltr'><strong>dignaretur.</strong></span> <span class='ocrx_word' id='word_1_234' title='bbox 1787 4494 2040 4558; x_wconf 87' lang='lat' dir='ltr'><strong>Tribus</strong></span> <span class='ocrx_word' id='word_1_235' title='bbox 2072 4499 2302 4554; x_wconf 88' lang='lat' dir='ltr'><strong>autem</strong></span> 
     </span>
     <span class='ocr_line' id='line_1_36' title="bbox 429 4585 2300 4676; baseline -0.002 -21"><span class='ocrx_word' id='word_1_236' title='bbox 429 4585 673 4657; x_wconf 88' lang='lat' dir='ltr'><strong>diebus</strong></span> <span class='ocrx_word' id='word_1_237' title='bbox 702 4601 771 4659; x_wconf 87' lang='lat' dir='ltr'><strong>et</strong></span> <span class='ocrx_word' id='word_1_238' title='bbox 801 4595 979 4659; x_wconf 88' lang='lat' dir='ltr'><strong>binis</strong></span> <span class='ocrx_word' id='word_1_239' title='bbox 1012 4595 1323 4660; x_wconf 91' lang='lat' dir='ltr'><strong>noctibus</strong></span> <span class='ocrx_word' id='word_1_240' title='bbox 1367 4593 1496 4657; x_wconf 92' lang='lat' dir='ltr'><strong>hoc</strong></span> <span class='ocrx_word' id='word_1_241' title='bbox 1536 4612 1740 4676; x_wconf 80' lang='lat' dir='ltr'><strong>agere</strong></span> <span class='ocrx_word' id='word_1_242' title='bbox 1786 4611 1921 4655; x_wconf 92' lang='lat' dir='ltr'><strong>non</strong></span> <span class='ocrx_word' id='word_1_243' title='bbox 1966 4589 2300 4671; x_wconf 82' lang='lat' dir='ltr'><strong>cessavit3</strong></span> 
     </span>
    </p>
   </div>
  </div>
 </body>
</html>
