3457 5887
1178 804 1266 867 44
1679 818 1950 866 uocum·
1990 819 2084 866 nn
2127 817 2538 867 wunnovsn

861 986 970 1028 M>-
993 989 1104 1029 ωσι
1180 981 1424 1053 totus;
1488 993 1625 1056 quo
1680 975 1856 1050 viso,
1924 972 2069 1037 dux
2136 974 2482 1038 Robertus
2542 972 3052 1055 expeditionem

853 2671 1027 2711 Ano-lm

1179 1074 1457 1151 dimisit,
1517 1081 1586 1138 et
1638 1091 1764 1137 rex
1813 1071 2203 1136 Willelmus
2258 1074 2333 1136 in
2381 1072 2709 1153 Angliam
2774 1073 3050 1136 rediens

1179 1172 1501 1237 ecclesias
1544 1179 1615 1236 et
1656 1172 2072 1236 monasteria
2118 1171 2332 1235 totius
2384 1173 2575 1253 regni
2626 1173 2826 1252 gravi
2889 1171 3048 1233 red-

1177 1272 1517 1353 emptione
1560 1270 1831 1335 afflixit.
1934 1270 2189 1335 Eodem
2236 1289 2416 1334 anno
2463 1264 2711 1334 ¹abbas
2756 1269 3049 1345 PauluS,

1175 1370 1479 1433 ecclesiae
1529 1371 1752 1434 sancti
1786 1367 2062 1446 Albani,
2094 1369 2278 1433 sacta
2318 1369 2498 1452 apud
2538 1368 3047 1451 Tynemutham

1174 1468 1565 1533 visitatione
1621 1468 1976 1551 pastorali,
2022 1468 2182 1531 dum
2241 1468 2492 1532 rediret
2539 1469 2627 1531 ad
2684 1468 3048 1531 ecclesiam

1174 1586 1393 1645 suam,
1450 1568 1522 1631 in
1580 1568 1749 1631 villa
1808 1586 1962 1649 quae
2027 1566 2435 1648 [Colewich]
2500 1567 2773 1643 dicitur,
2842 1566 3045 1647 gravi

1174 1666 1575 1749 aegritudine
1628 1666 2050 1745 infirmatur;
2095 1667 2213 1747 qui
2260 1665 2510 1729 ibidem
2553 1665 2731 1729 lecto
2766 1664 3045 1728 decum-

1174 1766 1363 1841 bens,
1407 1766 1868 1830 invalescente
1932 1764 2361 1846 aegritudine,
2412 1764 2615 1829 tertio
2676 1764 2832 1827 idus
2891 1763 3044 1827 No-

1173 1865 1466 1927 vembris
1518 1863 1695 1927 diem
1753 1863 2003 1927 clausit
2045 1870 2424 1927 extremum
2463 1883 2483 1942 ;
2552 1863 2725 1926 unde
2788 1881 3041 1944 corpus

1173 1962 1323 2045 ejus
1371 1962 1554 2044 apud
1583 1969 1894 2026 sanctum
1923 1962 2269 2025 Albanum
2296 1961 2623 2037 delatum,
2654 1961 2906 2025 ibidem
2934 1968 3043 2024 est

1174 2061 1539 2125 honorifice
1570 2061 2005 2125 tumulatum.
2108 2060 2470 2125 Remansit
2490 2068 2717 2124 autem
2751 2060 3042 2124 ecclesia

1171 2161 1395 2222 sancti
1445 2158 1700 2223 Albani
1760 2160 1832 2222 in
1881 2178 2086 2224 manu
2139 2160 2319 2241 regis
2373 2159 2702 2225 Willelmi
2759 2158 3041 2224 secundi

1173 2260 1371 2322 annis
1402 2266 1699 2341 quatuor
1730 2259 2059 2341 pastorali
2090 2257 2338 2323 solatio
2370 2259 2673 2323 viduata.

1383 2431 1481 2495 Do
1524 2430 1958 2495 consecratione
2004 2428 2304 2507 Amelmi,
2360 2428 2827 2495 Cannar-mis

1870 2529 2327 2614 archiepiscopi.

1272 2653 1527 2718 Eodem
1551 2673 1755 2729 anno,
1772 2646 2353 2716 ²convenientibus
2372 2652 2585 2715 totius
2603 2649 2878 2732 Angliae
2895 2652 3040 2734 epi·

1173 2753 1420 2834 scopis,
1451 2754 1696 2834 quibus
1727 2753 2055 2815 intererat
2086 2749 2412 2826 ThomaS,
2448 2750 2896 2815 Eboracensis
2932 2770 3042 2814 ar-

1172 2851 1670 2934 chiepiscopus,
1686 2850 2114 2925 Anselmum,
2139 2848 2697 2913 Cantuariensem
2725 2850 3038 2926 electum,

1174 2954 1599 3016 consecravit
1653 2951 2030 3015 antistitem
2079 2949 2297 3031 pridie
2347 2968 2562 3013 nonas
2611 2950 3037 3014 Decembris,

1171 3049 1430 3113 Verum
1475 3070 1629 3114 cum
1679 3058 1840 3114 ante
1891 3048 2247 3114 ordinandi
2289 3049 2630 3130 pontificis
2685 3049 3039 3113 examina-

1171 3144 1960 3225 tionem,⁸Walkelinu8,
1983 3146 2475 3212 wintoniensis
2505 3149 2892 3231 episcopus,
2926 3167 3039 3212 ec-

1170 3248 1551 3311 clesiastico
1581 3267 1768 3310 more
1794 3247 2188 3310 electionem
2210 3247 2535 3327 scriptam
2564 3247 2847 3328 legeret,
2874 3267 3036 3310 mox

1168 3344 1493 3422 ThomaS,
1527 3345 2079 3428 archiepiscopus
2115 3345 2588 3422 Eboracensis,
2621 3353 3037 3428 conquestus

1169 3452 1273 3508 est
1322 3445 1646 3526 scriptum
1691 3436 1858 3506 ⁴rite
1905 3464 2037 3508 non
2080 3463 2229 3507 esse
2271 3443 2547 3507 factum.
2650 3443 2835 3507 Nam
2880 3464 3035 3508 cum

1168 3542 1529 3619 diceretur,
1564 3548 1583 3576 ‘
1610 3542 1889 3605 Fratres
1912 3541 2301 3624 coepiscopi
2326 3543 2484 3620 mei,
2514 3551 2766 3607 nostrae
2797 3543 3041 3607 frater-

1169 3640 1371 3706 nitati
1429 3649 1534 3705 est
1583 3642 1955 3722 cognitum,
2001 3650 2335 3722 quantum
2389 3643 2715 3724 temporis
2773 3650 2902 3719 est,
2944 3662 3037 3705 ex

1166 3759 1304 3822 quo
1362 3748 1604 3805 sancta
1654 3740 2195 3804 Dorobernensis
2248 3740 2558 3814 ecclesia,
2604 3742 2818 3804 totius
2879 3740 3037 3805 Bri-

1174 3839 1427 3904 tanniae
1469 3839 2016 3922 metropolitana,
2073 3838 2163 3902 sit
2208 3847 2484 3920 pastore
2530 3839 2815 3903 viduata
2834 3841 2877 3919 ς’
2925 3860 3036 3904 re-

1168 3938 1444 4020 spondit
1500 3938 1801 4002 Thomas
1856 3945 1927 4001 et
1969 3937 2172 4014 dixit,
2221 3944 2240 3972 ‘
2263 3938 2336 4001 Si
2390 3939 2603 4002 totius
2652 3939 3033 4003 Britanniae

1165 4037 1453 4101 ecclesia
1487 4036 2030 4102 Dorobernensis
2078 4036 2605 4118 metropolitana
2649 4045 2778 4115 est,
2819 4039 3035 4102 eccle-

1230 4233 1247 4265 ¹
1270 4235 1434 4285 Abba
1470 4236 1696 4297 Paulum]
1750 4239 1844 4287 See
1878 4237 1958 4286 his
1988 4235 2075 4285 life
2125 4236 2189 4285 he
2221 4236 2341 4286 died
2372 4237 2456 4286 the
2497 4239 2588 4287 ard
2622 4238 2853 4302 January
2891 4246 3035 4293 1⁰9⁷.

1160 4306 1229 4366 by
1250 4305 1381 4354 Mat.
1405 4306 1573 4368 Paris,
1592 4322 1644 4368 p.
1668 4311 1751 4358 5³.
2126 4308 2219 4356 See
2247 4306 2326 4355 his
2359 4308 2565 4371 epitaph
2586 4309 2639 4357 in
2659 4310 2814 4373 Angl.
2834 4312 2975 4362 Sacr.
2996 4314 3036 4363 i.

1229 4403 1253 4437 ⁸
1291 4406 1704 4456 Convenientibnu.
1739 4408 1763 4472 ]
1833 4408 2076 4470 Compare
2125 4391 2177 4437 Ρ·
2200 4380 2312 4426 ²⁵⁶·

1159 4475 1396 4538 wilkins,
1417 4476 1608 4526 Concil.
1631 4478 1667 4527 i.
1691 4493 1745 4539 p.
1770 4481 1883 4540 ³⁷⁰,
1903 4493 2030 4542 seqq.
2126 4442 2363 4576 9⁸:5³:ss
2384 4447 3037 4578 ῗὲῗιοῖᾖζᾚῶᾝ

1228 4575 1249 4606 ⁸
1277 4578 1619 4643 Walkelinus,]
1648 4594 1705 4630 or
1724 4580 2072 4644 Walkelmus3
2126 4584 2363 4647 Eadmer,
2382 4585 2520 4636 nist.
2545 4585 2676 4636 Nov.
2698 4601 2752 4648 p.
2774 4591 2856 4639 21.
