3457 5887
939 789 1214 839 nouas
1259 789 1794 839 msa-omnium·
2172 776 2299 840 217

425 950 738 1015 diadema
802 958 1030 1015 tamen
1091 951 1315 1015 Deum
1386 958 1661 1016 tentans
1734 951 2014 1015 invasit.
2119 950 2299 1017 Con·
2325 964 2432 1005 M>-
2453 965 2563 1005 ¹1³³·

428 1049 734 1132 gregatis
779 1051 957 1114 euim
994 1050 1367 1115 Londoniis
1410 1051 1605 1132 regni
1648 1051 2114 1133 magnatibuS,
2160 1070 2300 1115 me-

432 1149 859 1214 liorationem
903 1151 1131 1232 legum
1183 1149 1498 1233 promisit
1530 1149 1742 1233 juxta
1770 1148 2195 1214 voluntatem
2229 1159 2302 1217 et

433 1249 787 1312 arbitrium
831 1249 1251 1331 singulorum
1283 1269 1301 1329 ;
1342 1247 1734 1313 Willelmus
1775 1268 2070 1331 quoque,
2113 1247 2298 1313 Can-

433 1348 796 1411 tuariensis
835 1348 1408 1432 archiepiscopus,
1456 1349 1573 1431 qui
1616 1349 1876 1431 primus
1916 1365 2302 1412 sacramen-

434 1454 579 1510 tum
647 1466 736 1510 ex
798 1448 1108 1512 omnibus
1170 1448 1587 1531 imperatrici
1643 1446 1899 1512 fecerat
1948 1447 2035 1512 de
2084 1466 2296 1529 regno

433 1544 734 1627 Angliae,
767 1546 1183 1630 Stephanum
1218 1548 1289 1611 in
1319 1566 1546 1629 regem
1574 1547 2021 1612 consecravit.
2112 1544 2296 1625 Quid

431 1665 595 1727 ergo
612 1647 643 1709 'l
746 1645 1025 1724 Omnes,
1055 1654 1134 1711 ut
1166 1648 1462 1712 breviter
1489 1647 1778 1723 dicatur,
1806 1653 1948 1709 tam
1969 1645 2299 1728 praesules

431 1764 636 1829 quam
669 1747 949 1810 comites
992 1753 1063 1810 et
1102 1748 1416 1823 barones,
1462 1747 1579 1828 qui
1622 1745 1779 1809 filiae
1823 1745 2005 1828 regis
2045 1752 2118 1809 et
2153 1746 2300 1810 suis

426 1844 817 1909 haeredibus
836 1845 1242 1929 juraverant
1271 1844 1694 1920 fidelitatem,
1710 1864 2114 1909 consensum
2147 1845 2303 1910 Ste-

431 1946 665 2028 phano
710 1946 1169 2026 praebuerunt,
1207 1943 1511 2007 dicentes
1544 1943 1691 2008 fore
1728 1945 1930 2007 nimis
1974 1953 2194 2027 turpe,
2237 1944 2298 2007 si

432 2051 547 2108 tot
608 2042 867 2106 nobiles
925 2042 1221 2107 foeminae
1271 2042 1742 2107 subderentur.
1865 2041 2079 2125 Hugo
2127 2062 2302 2125 prae-

433 2148 631 2205 terea
664 2140 913 2223 Bigod,
958 2140 1243 2205 Henrici
1284 2141 1469 2224 regis
1510 2141 1950 2219 senescallus,
1992 2142 2302 2225 praestito

429 2239 851 2324 juramento,
900 2239 1218 2324 probavit
1278 2259 1508 2305 coram
1562 2241 2072 2323 archiepiscopo
2120 2239 2302 2305 Can-

442 2340 796 2416 tuariensi,
840 2340 1045 2422 quod,
1076 2339 1236 2403 dum
1279 2358 1402 2403 rex
1436 2347 1671 2421 ageret
1702 2341 1775 2403 in
1806 2340 2156 2417 extremis,
2183 2339 2307 2403 im-

438 2439 840 2522 peratricem
884 2439 1354 2504 exhaeredavit
1395 2446 1465 2504 et
1508 2439 1930 2521 Stephanum
1973 2438 2103 2502 sibi
2146 2458 2308 2503 con-

436 2537 664 2602 stituit
725 2557 1210 2603 successorem.
1314 2538 1539 2620 Igitur
1591 2540 1664 2602 in
1713 2539 1824 2603 die
1874 2537 2094 2602 sancti
2151 2538 2304 2603 Ste-

434 2636 644 2719 phani
673 2637 1267 2721 prothomartyris,
1302 2639 1601 2701 omnium
1629 2637 1886 2713 favore,
1914 2637 2305 2720 Stephanus

440 2755 627 2818 saepe
668 2737 888 2801 dictus
923 2757 1046 2821 per
1083 2737 1529 2801 ministerium
1563 2737 1916 2813 willelmi,
1947 2735 2307 2801 Cantuari-

440 2835 626 2899 ensis
669 2836 1181 2919 archiepiscopi,
1226 2835 1407 2918 apud
1440 2835 2128 2901 westmonasterium
2160 2836 2307 2900 dia-

441 2935 644 2999 dema
675 2935 998 3018 suscepit,
1027 2943 1097 3001 et
1129 2956 1252 3000 rex
1279 2943 1386 3000 est
1411 2937 1498 3000 ab
1527 2934 1843 3000 omnibus
1869 2934 2309 3014 acclamatus,

442 3042 519 3098 et
552 3035 779 3116 regale
820 3034 1066 3100 festum
1096 3035 1447 3119 splendide
1478 3036 1871 3101 celebravit.
1974 3028 2309 3100 ¹Corona·

442 3134 637 3198 tione
694 3135 928 3217 itaque
991 3135 1348 3218 magnifice
1404 3135 1768 3219 completa,
1822 3135 2158 3217 homagiis
2203 3155 2309 3199 re-

443 3232 693 3317 ceptis,
725 3234 1027 3315 perrexit
1059 3254 1181 3298 rex
1218 3234 1605 3318 Stephanus
1643 3233 1730 3298 ad
1774 3233 2143 3311 oxoniam,
2179 3235 2309 3316 [et]

433 3332 539 3396 ibi
584 3333 1012 3398 confirmavit
1043 3342 1270 3417 pacta,
1308 3353 1462 3416 quae
1507 3334 1660 3398 Deo
1703 3340 1776 3397 et
1810 3333 2068 3417 populo
2105 3341 2310 3416 atque

435 3432 753 3497 ecclesiae
812 3439 1069 3497 sanctae
1128 3433 1199 3496 in
1264 3433 1374 3497 die
1425 3432 1887 3498 coronationis
1944 3451 2089 3497 suae
2145 3451 2306 3496 con-

436 3538 770 3610 cesserat,
818 3551 973 3614 quae
1015 3531 1160 3596 haec
1206 3532 1525 3612 fuerunt3
1601 3532 1859 3610 Primo,
1906 3551 2061 3596 cum
2111 3531 2306 3615 jura-
2323 3550 2406 3592 m·
2425 3550 2558 3591 men..

435 3637 676 3695 mento
704 3631 922 3708 vovit,
952 3631 1157 3714 quod,
1192 3631 1530 3696 defunctis
1559 3632 1922 3714 episcopiS,
1967 3651 2102 3696 non
2144 3632 2306 3695 reti-

440 3736 641 3793 neret
673 3730 996 3794 ecclesias
1033 3732 1107 3794 in
1139 3750 1344 3795 manu
1376 3751 1526 3808 sua,
1569 3730 1690 3794 sed
1732 3730 1966 3795 statim
1995 3730 2309 3795 electioni

437 3830 796 3894 canonicae
826 3830 1253 3895 consentiens
1274 3830 1527 3897 electos
1555 3831 1880 3895 continuo
1910 3828 2265 3894 investiret
2290 3849 2309 3910 3

438 3928 765 3994 Secundo
797 3931 1015 4007 vovit,
1046 3931 1229 4013 quod
1276 3932 1531 4019 nullius
1576 3929 1807 3995 clerici
1840 3929 1953 3994 vel
1996 3928 2152 3993 laici
2196 3929 2314 3994 sil-

438 4048 571 4094 vas
634 4028 707 4092 in
756 4049 965 4094 manu
1010 4049 1140 4094 sua
1193 4032 1534 4107 retineret,
1579 4030 1759 4094 sicut
1795 4048 1918 4093 rex
1969 4028 2314 4093 Henricus

438 4127 730 4207 fecerat,
769 4131 886 4212 qui
930 4129 1220 4211 singulis
1257 4129 1452 4192 annis
1497 4148 1614 4193 eos
1647 4128 2217 4210 implacitaverat,
2251 4127 2313 4190 si

412 4228 556 4292 ·vel
602 4231 1034 4294 venationem
1080 4228 1420 4310 cepissent
1480 4228 1548 4290 in
1607 4227 1803 4290 silvis
1851 4228 2165 4310 propriis,
2204 4224 2316 4290 vel

437 4328 501 4391 si
547 4348 670 4391 eas
714 4328 800 4391 ad
856 4326 1166 4410 proprias
1211 4328 1653 4392 necessitates
1707 4326 2164 4390 distraherent
2206 4323 2315 4388 vel

439 4427 871 4505 minuerent3
925 4427 1106 4508 quod
1139 4426 1414 4490 nefandi
1446 4446 1663 4508 genus
1696 4426 1932 4508 placiti
1965 4427 2138 4490 adeo
2173 4423 2316 4487 fue·

886 4592 901 4625 ¹
923 4595 1276 4659 Cor-omilium]
1312 4594 1663 4657 Huntingdon‚
1679 4609 1732 4655 p.
1746 4598 1856 4644 387.
