3457 5887
883 806 1154 855 nosse
1198 805 1726 855 msroaunuu.
2151 791 2234 855 61

369 984 600 1029 cemur
657 969 1146 1045 augmentum3
1218 961 1423 1045 hujus
1479 980 1750 1043 quoque
1814 962 2232 1027 remissionis
2259 979 2366 1019 sn.
2388 981 2498 1019 ιοω.

366 1063 798 1129 concedimus
832 1081 980 1126 esse
1013 1062 1402 1144 participeS,
1434 1061 1554 1142 qui
1584 1060 1670 1123 ad
1713 1061 2233 1125 subventionem

364 1163 567 1226 istius
592 1162 856 1225 itineris
887 1161 971 1225 de
996 1162 1191 1224 bonis
1232 1160 1372 1223 suis
1401 1178 1699 1240 congrue
1727 1159 2233 1236 ministrabunt,

367 1269 491 1325 aut
523 1262 705 1325 circa
738 1260 1064 1342 praedicta
1102 1258 1456 1323 consilium
1505 1265 1575 1321 et
1605 1257 1936 1322 auxilium
1968 1259 2233 1341 impen-

367 1360 592 1424 derint
641 1366 1120 1442 opportunum.
1222 1357 1334 1421 Ite
1385 1375 1550 1439 ergo
1605 1356 2070 1439 praedicabiles
2113 1377 2236 1440 per

369 1460 602 1523 orbem
659 1457 914 1523 Christi
970 1457 1244 1532 milites,
1298 1457 1609 1520 timorem
1675 1457 1913 1520 mortis
1961 1457 2232 1539 penitus

370 1559 800 1635 omittentes;
862 1575 999 1621 non
1043 1556 1217 1619 enim
1262 1562 1426 1618 sunt
1470 1555 1826 1636 condignae
1883 1557 2235 1638 passiones

368 1656 573 1741 hujus
605 1656 929 1738 temporis
974 1655 1059 1719 ad
1092 1654 1392 1718 futuram
1436 1654 1749 1735 gloriam,
1780 1673 1933 1735 quae
1973 1654 2235 1718 revela·

371 1756 556 1819 bitur
607 1754 676 1818 in
726 1755 941 1818 nobis.
1046 1753 1223 1817 Haec
1276 1753 1725 1835 praesentibus
1779 1754 2237 1835 praecipimus,

372 1854 763 1917 absentibus
805 1852 1227 1928 mandamus,
1260 1852 1754 1933 terminumque
1798 1852 2089 1934 proximi
2119 1872 2238 1916 ve·

371 1954 466 2016 ris
512 1953 829 2034 figimus;
894 1951 1112 2015 aderit
1152 1952 1332 2014 enim
1379 1950 1567 2013 Deus
1611 1951 1958 2027 euntibus,
1993 1957 2076 2014 ut
2113 1952 2236 2015 bo·

374 2070 506 2115 nus
567 2052 665 2115 eis
708 2051 1003 2113 arrideat
1057 2069 1299 2125 annus,
1347 2057 1491 2112 tum
1550 2049 1624 2112 in
1679 2049 1878 2131 copia
1935 2050 2236 2132 frugum,

379 2157 528 2213 tum
550 2149 619 2212 in
646 2149 1009 2212 serenitate
1029 2149 1510 2212 elementorum
1532 2169 1550 2225 ;
1590 2148 1901 2212 morituri
1917 2148 2236 2212 caelorum

383 2249 734 2311 intrabunt
797 2247 1185 2322 triclinium,
1250 2246 1497 2309 victuri
1572 2245 2005 2311 Dominicum
2060 2247 2240 2311 vide-

385 2347 558 2410 bunt
594 2344 1045 2427 sepulchrum.
1135 2344 1396 2409 Felices
1431 2352 1615 2420 sunt,
1648 2346 1767 2427 qui
1801 2344 1887 2407 ad
1918 2344 2095 2408 hanc
2124 2365 2245 2409 ex-

377 2445 791 2528 peditionem
835 2452 1186 2520 vocantur,
1230 2451 1308 2507 ut
1350 2443 1627 2507 videant
1669 2444 1823 2507 loca
1864 2451 2129 2520 sancta,
2171 2446 2244 2508 in

381 2544 629 2625 quibus
680 2543 999 2608 caelorum
1051 2543 1389 2607 Dominus
1440 2562 1592 2606 cum
1653 2541 2037 2606 hominibus
2087 2562 2246 2607 con-

378 2648 689 2707 versatus
727 2650 854 2717 est,
897 2648 968 2705 et
1005 2661 1128 2723 pro
1172 2641 1556 2705 hominibus
1595 2650 1826 2719 natus,
1858 2642 2244 2720 crucifixus,

376 2749 709 2818 mortuus,
737 2741 1044 2824 sepultus
1082 2749 1153 2805 et
1195 2741 1640 2804 resuscitatus
1671 2740 1714 2819 ;'
1764 2748 1834 2804 et
1872 2741 1977 2803 his
2022 2741 2244 2818 dictis,

380 2841 708 2922 praecepit
738 2840 845 2903 his
866 2840 983 2920 qui
1012 2839 1294 2903 aderant
1328 2838 1764 2903 ecclesiarum
1794 2838 2121 2921 praelatis,
2145 2847 2245 2917 ut,

386 2938 477 3003 ad
506 2939 782 3022 propria
809 2938 1087 3015 reversi,
1116 2959 1270 3002 cum
1308 2939 1493 3002 omni
1523 2938 1854 3003 instantia
1891 2946 1963 3002 et
1999 2938 2250 3004 sollici-

388 3038 625 3101 tudine
691 3038 922 3121 plebes
988 3037 1119 3101 sibi
1186 3037 1532 3120 subJectas
1591 3037 1677 3100 ad
1749 3037 2249 3121 expeditionem

384 3137 807 3218 praemissam
839 3136 1302 3200 exhortentur.

432 3323 2195 3412 Donominibusmaymtumoruoesiqnatommetoorum

1170 3445 1466 3488 mm.

491 3547 794 3630 Cumque
832 3548 1053 3612 clerus
1098 3555 1168 3611 et
1210 3548 1505 3630 populus
1539 3548 1743 3634 hujus
1786 3552 2111 3617 orationis
2151 3560 2253 3617 te·
2278 3574 2574 3665 ¹1:333&

388 3668 624 3712 norem
695 3648 970 3710 auribus
1038 3648 1523 3729 percepissent,
1603 3668 1937 3714 consensu
2014 3659 2254 3715 mutuo
2280 3674 2532 3724 «ιμαιιιω.

388 3747 684 3810 clamore
747 3753 1210 3828 protestantur
1269 3746 1578 3810 faventes
1642 3750 2122 3814 sermocinanti
2188 3759 2258 3815 et

388 3846 940 3927 peregrinationi.
1033 3845 1124 3909 Et
1156 3847 1468 3927 protinus
1512 3847 1584 3909 in
1623 3847 1911 3911 concilio
1946 3868 2259 3931 proceres

390 3944 724 4021 nonnulli,
752 3963 949 4027 papae
976 3944 1259 4024 genibus
1289 3944 1618 4021 advoluti,
1651 3964 1725 4009 se
1757 3953 1828 4010 et
1860 3967 1986 4010 sna
2009 3948 2263 4012 Christi

392 4043 655 4107 militiae
687 4049 1210 4121 consecrarunt3
1245 4062 1532 4124 quorum
1560 4044 1818 4126 primus
1850 4045 1983 4111 fuit
2012 4041 2267 4112 ¹Aime-

470 4287 489 4320 ¹
511 4290 777 4355 dimersa]
822 4291 1015 4354 Aimar,
1047 4291 1225 4353 bishop
1258 4292 1316 4342 of
1355 4293 1597 4342 verbatim
1621 4310 1636 4354 3
1686 4296 1902 4346 Pulcher
1931 4297 1989 4346 of
2017 4297 2273 4359 chartres,

400 4361 541 4422 Puy.
610 4361 716 4409 The
749 4360 1002 4423 following
1034 4361 1224 4424 history
1259 4361 1318 4410 of
1362 4362 1800 4427 Malmsbury‚and
1815 4367 1999 4428 others,
2009 4367 2173 4416 whom
2188 4366 2273 4415 the

399 4430 488 4478 the
510 4429 765 4479 Crusades
795 4432 841 4478 is
861 4432 1106 4493 compiled
1128 4432 1314 4498 princi·
1361 4432 1537 4481 reader
1555 4435 1662 4482 will
1682 4435 1784 4484 find
1813 4437 1865 4485 in
1885 4437 1969 4486 the
1991 4437 2152 4487 Gesta
2174 4436 2275 4483 Dei

402 4499 543 4561 pauy
565 4499 688 4548 from
710 4500 930 4549 William
951 4502 1008 4549 of
1020 4501 1169 4562 Tyro,
1189 4502 1314 4550 with
1363 4516 1454 4564 per
1482 4502 1718 4566 Francos,
1749 4519 1882 4555 seem
1920 4507 2029 4555 also
2058 4510 2111 4554 to
2149 4504 2275 4552 have

408 4569 576 4619 whom
602 4569 686 4618 the
715 4574 823 4619 text
841 4569 1119 4633 freqnently
1141 4585 1317 4634 agrees
1367 4573 1494 4622 been
1516 4574 1794 4624 consulted.
