3457 5887
1207 838 1337 903 124
1703 854 1970 902 nocam
2016 854 2109 900 nu
2155 853 2566 902 wmmovssa

885 1024 1129 1067 A·1>·1⁰⁹⁸·
1206 1017 1278 1076 et
1296 1011 1575 1075 liberius
1606 1011 1843 1093 fugere
1874 1018 2132 1094 posset,
2158 1030 2370 1094 equos
2399 1010 2725 1093 fatigatos
2759 1011 3069 1076 deserens

885 1074 1178 1167 gmon·
1205 1129 1422 1175 novos
1454 1111 1843 1175 alternatim
1864 1112 2179 1175 mutavit.
2248 1109 2492 1175 Nostri
2521 1130 2684 1174 vero
2714 1112 3069 1194 principes»,

1207 1228 1535 1292 equorum
1582 1218 1964 1275 metuentes
2027 1210 2387 1286 defectum,
2439 1230 2578 1274 non
2635 1211 2918 1274 multum
2966 1212 3066 1274 in-

1205 1309 1422 1373 secuti
1469 1317 1634 1373 sunt
1674 1310 2041 1391 fugientes,
2079 1316 2370 1391 excepto
2403 1309 2762 1374 Tancredo
2809 1317 2877 1374 et
2917 1311 3068 1375 aliis

1204 1408 1467 1491 paucis,
1496 1409 1614 1491 qui
1647 1428 1866 1492 usque
1897 1409 1985 1473 ad
2017 1409 2182 1473 solis
2215 1427 2531 1473 occasum
2564 1410 2928 1473 sternendo
2954 1429 3068 1473 eos

1205 1515 1756 1590 persequuntur;
1803 1516 2073 1573 tantum
2118 1509 2296 1572 enim
2341 1526 2665 1591 pavorem
2715 1510 2814 1571 eis
2857 1510 3067 1572 virtus

1205 1607 1440 1672 divina
1469 1607 1868 1684 immiserat,
1896 1614 1975 1671 ut
2001 1626 2126 1671 nec
2158 1608 2497 1684 resistere,
2523 1627 2648 1672 nec
2676 1626 2722 1670 a
2752 1627 2828 1672 se
2857 1609 3066 1672 insec-

1207 1707 1500 1770 tantium
1532 1714 1815 1789 possent
1851 1707 2139 1789 injurias
2172 1706 2595 1789 propulsare,
2631 1707 2866 1771 decem
2895 1707 3068 1772 enim

1206 1824 1295 1869 ex
1327 1806 1582 1869 nostris
1615 1806 1850 1869 decem
1883 1805 2100 1869 millia
2127 1805 2534 1870 videbantur
2561 1808 2684 1870 eis.

1273 1977 1370 2040 De
1398 1975 1610 2062 spoliis
1639 1973 2152 2062 impretiabilibus
2162 1975 2546 2061 sufflantium
2580 1976 2921 2040 Tuo-corum
2946 1985 3000 2039 a
3104 1993 3109 2002 ·

1802 2076 2054 2141 tentorio
2079 2075 2470 2140 admirando.

881 2214 1135 2256 Amastor
1304 2191 1797 2256 Consummato
1835 2193 2070 2272 itaque
2116 2189 2415 2271 glorioso
2458 2197 2652 2254 tanto
2680 2192 3062 2267 certamine,

883 2266 955 2306 ‘¹¹‘
972 2266 1110 2316 '’⁰¹¹'‘
1203 2293 1458 2356 reversi
1492 2298 1655 2355 sunt
1697 2291 2040 2374 principes
2082 2290 2298 2353 nostri
2343 2289 2429 2352 ad
2476 2297 2703 2353 castra
2747 2289 3062 2367 hostium,

1206 2391 1322 2454 ubi
1356 2398 1622 2455 tantam
1647 2409 1870 2454 rerum
1899 2388 2198 2453 omnium
2231 2389 2303 2452 in
2325 2408 2518 2466 auro,
2548 2396 2860 2470 argento,
2891 2409 3065 2471 gem-

1199 2490 1354 2568 mis,
1400 2490 1820 2566 holosericis,
1864 2488 2166 2552 vestibus
2219 2489 2539 2571 pretiosis
2596 2497 2668 2552 et
2704 2490 2895 2552 vasis
2943 2489 3061 2551 im·

1198 2589 1669 2672 pretiabilibus
1732 2589 2139 2652 invenerunt
2203 2587 2645 2670 opulentiam,
2707 2596 2790 2651 ut
2852 2608 3060 2671 neque

1197 2708 1521 2752 numerus
1551 2694 1734 2752 esset
1762 2706 1984 2770 neque
2016 2705 2355 2750 mensura.
2458 2686 2809 2769 Equorum
2838 2688 3059 2764 etiam,

1199 2795 1686 2864 armentorum,
1726 2806 2036 2868 gregum,
2082 2804 2400 2862 annonae,
2448 2786 2877 2862 victualium,
2926 2806 3059 2849 ser-

1201 2906 1464 2965 vorum,
1494 2886 1894 2952 ancillarum
1931 2892 2001 2950 et
2027 2903 2414 2969 puerorum,
2450 2904 2604 2950 cum
2654 2887 2969 2951 tentoriis
2999 2895 3062 2950 et

1199 2987 1679 3070 papilionibuS,
1745 2985 2021 3050 nimiam
2085 2986 2492 3049 invenerunt
2553 2986 3057 3062 abundantiam,

1197 3095 1268 3152 et
1324 3106 1554 3151 secum
1610 3087 1684 3150 in
1744 3086 1977 3148 urbem
2038 3085 2266 3148 omnia
2326 3084 2742 3149 detulerunt.
2878 3085 3061 3149 Inter

1196 3195 1446 3251 caetera
1474 3205 1637 3251 vero
1675 3178 2102 3249 ¹admirabile
2133 3184 2646 3248 tabernaculum
2673 3194 3063 3266 repererunt

1194 3285 1265 3349 in
1324 3285 1600 3350 modum
1656 3283 1982 3360 civitatis,
2038 3282 2340 3347 turribus
2391 3291 2461 3347 et
2518 3285 2860 3347 moenibus
2915 3304 3058 3348 cum

1195 3383 1754 3467 propugnacuIiS,
1790 3402 1878 3446 ex
1921 3382 2179 3465 optimo
2222 3382 2438 3446 serico
2476 3384 2687 3446 variis
2721 3382 3057 3447 coloribus

1198 3491 1596 3547 contextum
1619 3502 1638 3561 ;
1684 3501 1727 3544 a
1754 3482 1951 3564 cnjus
1983 3481 2229 3558 medio,
2259 3482 2457 3564 quasi
2482 3500 2524 3545 a
2551 3482 2853 3547 triclinio
2878 3484 3056 3566 prin-

1195 3582 1423 3664 cipali,
1469 3582 1541 3644 in
1591 3589 1823 3662 partes
1870 3580 2177 3645 diversas
2231 3580 2621 3646 defluebant
2667 3582 3062 3660 diversoria,

1197 3681 1393 3765 quasi
1459 3699 1580 3763 per
1648 3680 1840 3743 vicos
1900 3678 2245 3757 distincta,
2317 3682 2388 3743 in
2455 3681 2702 3763 quibus
2764 3682 3061 3764 spatiose

1194 3787 1476 3863 possent
1520 3778 1656 3843 duo
1710 3778 2058 3842 homiuum
2109 3779 2322 3842 millia
2365 3780 2736 3844 considere.
2858 3780 3061 3844 Turci

1197 3886 1450 3956 autem,
1496 3878 1614 3962 qui
1658 3884 1854 3941 erant
1887 3878 1960 3940 in
2005 3878 2324 3960 praesidio
2360 3880 2717 3961 superiori,
2754 3879 3060 3944 videntes

1197 3980 1378 4063 quod
1438 3979 1546 4044 sui
1601 3997 1837 4041 omnes
1885 3976 2295 4055 defecerant,
2348 3978 2767 4061 principibus
2812 3980 3059 4043 nostris

1196 4078 1363 4142 illud
1424 4078 1548 4143 tali
1605 4076 1991 4141 conditione
2049 4077 2426 4159 resignant,
2472 4084 2549 4140 ut
2600 4077 2812 4142 libere
2860 4078 3060 4142 liceat

1193 4180 1322 4242 sibi
1350 4177 1661 4243 recedere
1695 4195 1848 4240 cum
1890 4174 2133 4240 salute.
2233 4174 2419 4240 Acta
2460 4184 2690 4241 autem
2719 4186 2883 4241 sunt
2915 4176 3056 4240 haec

1196 4296 1378 4342 anno
1465 4276 1745 4341 Domini
1826 4275 2185 4339 millesimo
2275 4277 2719 4358 nonagesimo
2790 4284 3055 4354 octavo,

1191 4394 1423 4439 mense
1451 4377 1496 4441 J
1502 4376 1687 4452 uni0,
1714 4374 2047 4456 vigesima
2076 4374 2184 4438 die
2215 4376 2484 4439 mensis.

1258 4530 1276 4563 ¹
1290 4532 1591 4582 Admirabile
1625 4532 1980 4581 tabernaculum
2019 4548 2094 4581 re·
2142 4532 2354 4582 hemond
2376 4533 2568 4583 carried
2583 4534 2625 4581 it
2643 4548 2792 4595 away
2809 4534 2932 4582 with
2951 4534 3049 4582 him

1172 4604 1444 4667 puerunt]
1487 4602 1610 4652 This
1650 4606 1756 4651 tent
1792 4603 1941 4651 could
1974 4602 2093 4651 hold
2139 4604 2242 4651 into
2264 4603 2416 4664 Italy.
2489 4602 2754 4667 Michaud‚
2784 4604 2822 4654 i.
2853 4618 2905 4665 p.
2940 4607 3052 4663 ³64,

1182 4672 1354 4734 nearly
1385 4677 1486 4721 two
1514 4672 1762 4721 thousand
1795 4686 1925 4722 men.
1996 4672 2093 4720 Bo·
2137 4668 2289 4722 note&
