3457 5887
1231 806 1362 872 286
1734 821 1998 870 Roomu
2048 821 2140 868 nu
2186 820 2598 869 wunnovnn

911 999 1024 1041 un.
1044 1001 1157 1040 uso.
1235 979 1388 1043 dem
1427 977 1516 1042 ad
1558 996 1635 1041 se
1672 996 1989 1042 reversus
2013 977 2251 1061 jussit,
2290 985 2368 1042 ut
2400 978 2635 1060 puella
2671 987 3111 1060 exspectaret

909 1051 1094 1101 ΗΜ
1235 1079 1449 1144 donec
1483 1078 1571 1142 ad
1613 1077 1806 1141 illam
1845 1077 2118 1155 rediret,
2163 1085 2234 1142 et
2273 1077 2375 1141 sic
2407 1078 2496 1142 ad
2528 1079 2782 1142 ostium
2810 1079 3111 1143 cubiculi

1235 1179 1583 1242 divertens
1647 1177 1946 1241 cultrum
2000 1177 2289 1259 arripuit
2337 1184 2409 1241 et
2468 1179 2750 1261 propria
2806 1180 3114 1243 membra

1236 1277 1463 1342 virilia
1490 1276 1896 1340 abscindens
1921 1276 2106 1340 foras
2140 1276 2449 1360 projecit.
2532 1282 2553 1312 ‘
2591 1276 2825 1355 Quid,’
2855 1279 3112 1361 inquit,

1236 1382 1256 1410 ‘
1285 1377 1583 1460 putastis
1615 1376 1984 1454 daemones,
2015 1376 2200 1459 quod
2232 1396 2371 1440 non
2398 1376 2857 1442 intellexerim
2883 1385 3111 1441 tenta-

1236 1477 1459 1541 tiones
1493 1477 1808 1540 vestras?
1856 1476 1966 1540 De
1991 1476 2376 1558 perditione
2416 1495 2570 1540 mea
2598 1476 2709 1540 vel
2743 1477 2905 1540 filiae
2940 1497 3110 1542 meae

1235 1595 1373 1640 non
1399 1574 1814 1657 gaudebitis,
1843 1576 2008 1657 quia
2027 1595 2155 1640 nec
2184 1594 2293 1639 me
2312 1595 2439 1639 nec
2471 1576 2696 1659 ipsam
2722 1575 3110 1642 habebitis!

1237 1675 1564 1757 Sequenti
1601 1694 1875 1758 quoque
1919 1682 2145 1753 nocte,
2183 1695 2338 1739 cum
2377 1674 2692 1739 diabolus
2730 1677 3109 1760 interroga-

1236 1782 1345 1838 ret
1386 1773 1798 1856 discipulum
1851 1775 2017 1856 quid
2060 1775 2147 1838 de
2200 1775 2600 1858 presbytero
2662 1781 2892 1839 actum
2945 1777 3113 1841 fuis-

1237 1880 1369 1951 set,
1429 1873 1807 1956 respondit,
1866 1892 1942 1938 se
1990 1894 2258 1939 omnem
2307 1874 2613 1938 laborem
2667 1876 2994 1953 amisisse,
3037 1886 3109 1940 et

1239 1973 1536 2056 qualiter
1599 1972 1920 2037 sacerdos
1983 1974 2282 2056 seipsum
2339 1981 2794 2052 castraverat,
2847 1977 3107 2040 cunctis

1238 2073 1693 2150 audientibus,
1739 2073 2133 2153 enarravit3
2177 2074 2391 2157 jussit
2430 2092 2597 2155 ergo
2640 2074 2994 2156 magister,
3031 2083 3109 2139 ut

1239 2172 1509 2237 daemon
1551 2171 1668 2236 ille
1704 2172 2010 2253 graviter
2050 2171 2539 2255 flagellaretur,
2567 2179 2639 2237 et
2674 2174 2778 2238 sic
2821 2193 3108 2239 conven-

1239 2279 1352 2336 tus
1369 2272 1660 2337 solvitur
1678 2271 2042 2354 spirituum
2063 2272 2565 2337 immundorum
2589 2292 2608 2352 3
2643 2273 2974 2338 sacerdos
2998 2293 3111 2338 au..

1238 2378 1378 2436 tem
1427 2371 1751 2455 puellam,
1794 2391 1999 2454 quam
2047 2372 2454 2450 nutriverat,
2506 2372 2659 2436 Deo
2699 2374 3110 2440 servituram

1238 2471 1870 2536 sanctimonialibus
1907 2465 2463 2537 ¹commendavit.

1291 2644 1472 2719 Quod
1499 2665 1663 2730 reyes
1689 2642 2037 2729 Anylorum
2066 2652 2123 2707 ot
2156 2643 2482 2707 Scotorum
2512 2652 2716 2707 mutua
2730 2643 2896 2728 ,ἰαί-α
2920 2643 3050 2708 eibi

1762 2743 1853 2807 ad
1881 2743 2137 2807 invicem
2166 2742 2591 2807 reddiderunt.

916 2885 1026 2925 nn.
1048 2885 1158 2926 115⁷.
1335 2865 1544 2933 Anno
1575 2869 1858 2933 Domini
1888 2884 2161 2932 ucnvu.
2188 2887 2315 2931 rex
2346 2866 2733 2949 Anglorum
2765 2865 3113 2931 Henricus

916 2935 1170 3027 ξῖῗιῖῗῧιιιι
1235 2968 1710 3034 transfretavit
1741 2969 1814 3032 in
1846 2967 2196 3051 Angliam,
2225 2962 2332 3032 ²'et
2372 2988 2499 3032 rex
2534 2968 2896 3032 Scotorum
2929 2967 3107 3031 Mal·

917 3036 1181 3128 &affixa
1233 3068 1500 3132 colmus
1555 3068 1850 3132 reddidit
1896 3069 1962 3133 ei
2012 3068 2366 3132 civitatem
2421 3066 2855 3144 Karleolum,
2908 3066 3109 3131 Bam-

1232 3169 1436 3251 burgi
1488 3177 1788 3233 castrum
1848 3174 1919 3232 et
1985 3166 2662 3231 Novum-castellum
2717 3186 2930 3249 super
2975 3166 3103 3249 Ty-

1234 3287 1419 3345 nam,
1472 3275 1544 3333 et
1601 3275 1824 3332 totum
1864 3267 2265 3332 comitatum
2313 3266 2815 3342 Lodonensem,
2861 3273 2934 3330 et
2986 3287 3101 3330 rex

1232 3367 1529 3433 reddidit
1564 3368 1627 3431 ei
1666 3365 2182 3432 Huntendoniae
2217 3367 2639 3431 comitatum.
2713 3365 3100 3431 Willelmus

1231 3467 1567 3545 similiter,
1621 3467 1805 3531 filius
1858 3467 2040 3549 regis
2083 3465 2414 3548 Stephani
2459 3465 2736 3542 nothus,
2783 3465 2907 3548 qui
2955 3474 3096 3531 erat

1231 3585 1460 3631 comes
1503 3565 1879 3632 Moretonii
1916 3575 1985 3631 et
2030 3565 2116 3629 de
2162 3565 2578 3642 Warrenna,
2615 3565 2915 3630 reddidit
2958 3567 3096 3647 regi

1232 3664 1608 3731 Pevenesel
1664 3674 1736 3730 et
1786 3665 2207 3742 Norwicum,
2264 3673 2336 3729 et
2389 3683 2628 3729 omnes
2691 3666 3100 3729 munitiones

1230 3783 1394 3828 suas
1454 3766 1527 3828 in
1580 3762 1844 3847 Anglia
1899 3772 1971 3830 et
2030 3764 2483 3842 Normannia,
2540 3782 2715 3847 quas
2775 3784 2868 3828 ex
2924 3764 3102 3830 dono

1229 3864 1413 3946 regis
1447 3863 1783 3946 Stephani
1816 3864 2237 3947 possidebat,
2279 3872 2352 3929 et
2380 3884 2506 3928 rex
2539 3863 2891 3928 Heni-icus
2921 3864 3106 3929 dedit

1230 3963 1293 4027 ei
1331 3963 1655 4047 quicquid
1686 3970 1887 4046 pater
1923 3964 2076 4047 ejus
2105 3984 2229 4028 rex
2259 3963 2654 4047 Stephanus
2694 3963 2942 4028 habuit
2974 3964 3104 4040 die,

1297 4188 1314 4220 ¹
1343 4187 1757 4250 Commota]
1795 4189 1859 4240 In
1888 4189 1990 4239 this
2021 4204 2145 4251 year
2192 4204 2334 4239 came
2369 4191 2454 4240 the
2495 4191 2630 4252 liege
2673 4204 2791 4239 man
2822 4190 2883 4239 of
2913 4191 3110 4252 Henry,

1226 4260 1418 4322 alamus
1435 4261 1585 4309 Paris
1597 4260 1944 4321 records,died
1957 4260 2141 4309 Princo
2189 4261 2205 4288 ‘
2232 4260 2408 4310 eodem
2452 4261 2621 4323 modo,
2663 4275 2767 4321 quo
2809 4275 2939 4310 avus
2985 4275 3110 4311 suns

1227 4331 1472 4392 William,
1485 4330 1647 4379 eldest
1668 4344 1759 4379 son
1779 4328 1836 4379 of
1854 4330 2033 4390 Henry
2054 4330 2140 4379 the
2190 4329 2356 4380 fixerat
2376 4330 2522 4380 homo
2543 4331 2730 4379 veteris
2753 4330 2988 4393 Henrici,
3009 4331 3111 4379 sal·

1225 4400 1429 4461 second,
1440 4400 1589 4449 when
1610 4401 1704 4450 five
1727 4413 1877 4461 years
1898 4399 2000 4449 old.
2055 4399 2138 4449 He
2188 4401 2267 4448 vis
2309 4401 2542 4450 omnibus
2583 4399 2921 4462 dignitatibus
2964 4401 3111 4450 suis!

1223 4485 1334 4520 was
1354 4470 1532 4520 buried
1552 4474 1606 4518 at
1628 4470 1875 4532 Reading.
2188 4469 2271 4518 On
2287 4469 2373 4520 the
2388 4470 2621 4532 meaning
2633 4469 2690 4518 of
2703 4469 2788 4519 the
2804 4471 2950 4519 word
2972 4470 3112 4531 ‘dig-

1293 4537 1315 4568 ’
1334 4541 1407 4590 Et
1419 4555 1510 4589 rex
1534 4539 1784 4589 Scotorum
1805 4532 2133 4606 Maculam]
2187 4534 2334 4588 nitas’
2351 4541 2402 4588 in
2419 4539 2520 4589 this
2535 4553 2750 4602 passage
2767 4554 2857 4589 see
2873 4540 2972 4591 Dr.
2988 4541 3108 4588 Lin-

1226 4609 1472 4661 Hovedeu
1498 4624 1636 4674 says,
1656 4610 1767 4659 that
1789 4608 2028 4659 Malcolm
2049 4608 2138 4657 be·
2186 4608 2356 4670 gard’s
2377 4615 2508 4659 note.
