3457 5887
1194 851 1325 916 406
1687 866 1952 914 nocam
1998 866 2092 913 nu
2137 865 2548 913 wmwnovssa

882 1040 990 1081 Δ».
1011 1041 1122 1080 1¹⁸⁰·
1196 1026 1432 1091 litibus
1474 1031 1545 1088 et
1584 1022 1932 1088 hominum
1970 1019 2272 1086 millibus
2311 1019 2401 1083 ad
2442 1037 2739 1103 pugnam
2777 1019 3084 1096 idoneiS,

1201 1126 1396 1190 ducis
1435 1123 1764 1188 Richardi
1792 1142 1929 1188 non
1959 1120 2246 1204 expavit
2274 1120 2674 1198 adventum3
2707 1120 2850 1196 sed,
2879 1128 3090 1202 post-

1202 1243 1410 1308 quam
1444 1222 1588 1286 dux
1630 1224 1779 1306 ipse
1809 1222 2122 1287 leonibus
2160 1219 2484 1283 audacior
2528 1219 2873 1300 regionem
2914 1219 3090 1283 hos-

1205 1324 1418 1388 tiliter
1465 1322 1801 1400 introivit,
1843 1321 2107 1384 fructus
2153 1318 2563 1403 praediorum
2619 1317 2942 1395 abduxit,
2986 1319 3091 1381 vi-

1207 1431 1313 1487 tes
1356 1421 1670 1498 succidit,
1715 1421 1920 1487 villas
1969 1418 2339 1495 succendit,
2383 1418 2615 1481 omnia
2657 1416 3091 1482 demoliendo

1207 1521 1553 1598 contrivit,
1604 1539 1821 1605 prope
1863 1513 2237 1584 castellum
2261 1517 2559 1581 tentoria
2606 1515 2790 1593 fixit,
2835 1516 3093 1581 machi·

1209 1640 1333 1684 nas
1375 1640 1591 1704 prope
1634 1639 1904 1684 murum
1954 1619 2197 1696 erexit,
2239 1617 2764 1700 oppidanosque
2811 1616 2907 1680 nil
2948 1617 3092 1681 tale

1209 1720 1640 1802 suspicantes
1692 1718 2029 1784 exterruit
2074 1717 2528 1782 vehementer.
2617 1714 2910 1779 Inclusis
2960 1735 3092 1779 au-

1210 1827 1375 1897 tem,
1409 1818 1575 1901 quia
1598 1838 1710 1883 res
1743 1817 2134 1902 ignominiae
2160 1817 2367 1900 plena
2388 1815 2774 1892 videbatur,
2805 1822 2908 1880 tot
2938 1815 3089 1879 ela-

1213 1926 1306 1983 tae
1337 1918 1610 1996 mentiS,
1650 1925 1759 1983 tot
1797 1918 2105 2002 probatae
2142 1915 2417 1981 virtutis
2442 1914 2697 1978 milites
2722 1915 2903 1979 intra
2939 1934 3090 1978 mu-

1215 2036 1332 2081 ros
1362 2017 1514 2081 sine
1553 2018 2036 2082 reclamatione
2070 2015 2301 2080 valida
2329 2013 2799 2097 circumcingi,
2834 2014 3091 2096 placuit

1219 2117 1304 2181 de
1342 2114 1628 2181 consilio
1659 2118 2024 2193 communi,
2055 2126 2135 2180 ut
2174 2115 2358 2179 foras
2392 2122 2838 2196 erumperent
2871 2120 2943 2178 et
2977 2114 3093 2177 im-

1219 2222 1534 2300 peterent
1575 2215 1767 2281 ducis
1813 2215 2190 2281 exercitum
2235 2214 2647 2297 improvise3
2708 2214 2898 2297 quod
2944 2233 3093 2277 cum

1223 2316 1530 2380 animose
1588 2316 1761 2380 satis
1822 2320 2304 2391 attentassent,
2345 2313 2492 2377 dux
2545 2331 2712 2377 suos
2769 2313 2846 2376 in
2896 2314 3101 2377 armis

1224 2434 1424 2479 ruere
1457 2414 1713 2495 docuit,
1750 2423 1824 2480 et
1859 2422 2230 2479 retrorsum
2265 2412 2503 2477 cedere
2539 2412 2874 2496 compulit
2912 2413 3105 2496 oppi-

1225 2513 1481 2593 danos3
1525 2514 1647 2577 sed
1694 2516 1769 2579 in
1808 2515 1930 2579 illo
1972 2522 2327 2597 portarum
2378 2511 2705 2592 ingressu,
2748 2530 2912 2576 cum
2958 2512 3109 2575 dux

1224 2613 1699 2695 insequeretur
1751 2620 1951 2695 terga
2005 2613 2273 2688 dantes,
2317 2610 2398 2674 fit
2448 2611 2885 2692 gravissimus
2936 2611 3110 2674 hinc

1224 2710 1384 2774 inde
1414 2710 1799 2789 conflictus,
1826 2712 1989 2775 dum
2019 2712 2141 2789 ibi,
2170 2710 2334 2793 quid
2367 2728 2603 2792 equus,
2632 2710 2794 2791 qnid
2825 2709 3110 2787 lancea,

1228 2808 1393 2891 quid
1432 2810 1640 2887 ensis,
1679 2810 1844 2893 quid
1886 2829 2109 2887 arcus,
2152 2808 2316 2892 quid
2355 2808 2580 2890 galea,
2615 2809 2779 2890 quid
2823 2809 3111 2886 balista,

1233 2907 1398 2992 quid
1441 2909 1668 2987 umbo,
1713 2908 1879 2993 quid
1931 2908 2168 2986 lorica,
2213 2907 2377 2992 quid
2428 2907 2657 2986 sudes,
2701 2907 2870 2990 quid
2912 2909 3112 2974 clava

1235 3009 1658 3072 certantibus
1693 3008 2071 3086 conferant,
2099 3007 2471 3091 experitur.
2560 3007 2953 3090 oppidanis
2986 3010 3112 3072 ita-

1238 3126 1373 3191 que
1410 3107 1712 3171 assultus
1753 3107 1945 3172 ducis
1984 3108 2347 3172 acerrimos
2390 3107 2575 3171 ultra
2611 3106 2789 3170 ferre
2823 3127 2967 3172 non
3000 3128 3111 3173 va-

1235 3206 1561 3285 lentibus,
1604 3207 1725 3270 sed
1766 3208 1951 3272 intra
1998 3207 2255 3271 moenia
2296 3224 2371 3270 se
2417 3206 2935 3290 recipientibus,
2976 3208 3115 3272 dux

1239 3305 1531 3389 impiger
1560 3307 1872 3371 certatim
1906 3326 1983 3371 se
2014 3307 2272 3389 pariter
2300 3306 2484 3369 intra
2515 3306 2752 3370 villam
2782 3307 3117 3372 immiscet

1241 3423 1398 3469 cum
1439 3404 1779 3483 hostibus,
1821 3412 1915 3483 et,
1962 3426 2120 3471 cum
2160 3405 2330 3488 ipsis
2369 3423 2708 3488 nusquam
2752 3405 2950 3469 locus
3000 3426 3116 3489 pa·

1244 3511 1425 3569 teret
1476 3503 1764 3587 diffugii,
1815 3523 1939 3588 per
1983 3504 2251 3589 plateas
2292 3503 2450 3568 hinc
2492 3505 2652 3569 inde
2690 3504 3117 3582 discurritur,

1243 3604 1505 3686 rapinis
1558 3604 1899 3668 insistitur
1939 3612 2011 3668 et
2049 3603 2407 3681 incendiis,
2453 3611 2526 3668 et
2567 3605 2656 3668 ab
2698 3604 2786 3667 iis
2840 3605 3118 3688 oppida-

1246 3702 1379 3779 nis,
1408 3721 1585 3784 quos
1623 3721 1668 3766 a
1704 3702 1943 3769 mortis
1981 3702 2369 3768 discrimine
2410 3703 2578 3768 felix
2612 3703 2882 3768 fortuna
2911 3706 3117 3782 eruit,

1246 3799 1336 3863 ad
1380 3802 1742 3865 castellum
1790 3802 2182 3886 confugitur
2227 3803 2649 3886 principale;
2695 3803 2951 3867 castelli
2993 3803 3121 3868 do-

1245 3899 1473 3961 minus
1496 3899 1585 3963 ad
1615 3900 2025 3967 deditionem
2053 3902 2506 3984 compellitur,
2535 3902 2746 3966 facies
2774 3921 3123 3967 murorum

1247 3996 1708 4079 pulcherrima
1771 4003 2266 4085 complanatur,
2321 4001 2458 4066 alia
2515 4003 2777 4085 passim
2840 4003 3125 4066 castella

1247 4096 1638 4161 rebellionis
1672 4100 1949 4165 conscia
1980 4120 2107 4185 par
2135 4099 2317 4165 infra
2346 4120 2647 4165 mensem
2690 4102 2961 4166 subiere
2992 4102 3125 4166 dis-

1249 4195 1527 4259 crimen.
1574 4196 1910 4263 Omnibus
1944 4200 2158 4284 igitur
2184 4202 2272 4265 ad
2303 4208 2540 4264 votum
2567 4203 2948 4284 completiS,
2983 4203 3124 4266 dux

1254 4294 1727 4362 transfretavit
1784 4299 1856 4363 in
1906 4298 2255 4384 Angliam,
2297 4301 2597 4365 maximo
2655 4321 2814 4366 cum
2873 4301 3126 4367 honore

1254 4402 1568 4478 receptus
1598 4416 1642 4460 a
1674 4406 1893 4481 patre.
