3457 5887
1232 777 1361 841 174
1742 793 2007 841 Rocstu
2057 793 2149 840 DE
2195 792 2606 841 wssunovssn

910 976 1154 1017 Annos.
1230 971 1470 1016 manus
1504 952 1828 1034 effugere,
1875 952 2144 1016 amissis
2195 953 2533 1028 omnibus,
2585 952 2765 1033 apud
2812 950 3102 1016 Tarsum

1232 1051 1492 1116 Ciliciae
1555 1059 2043 1129 convenerunt,
2109 1058 2203 1128 et,
2263 1051 2588 1115 defuncto
2648 1051 2742 1114 ibi
2808 1050 3103 1133 Hugone

1230 1171 1479 1232 magno
1526 1158 1595 1215 et
1653 1152 1725 1214 in
1779 1151 2068 1215 ecclesia
2109 1151 2409 1216 doctoris
2458 1152 2768 1233 gentium
2820 1152 3103 1234 sepulto,

1228 1248 1669 1316 Antiochiam
1703 1252 1992 1334 profecti
2019 1258 2204 1328 sunt,
2237 1251 2529 1333 indeque
2553 1250 3101 1334 Hierosolymam

1226 1351 1631 1415 festinantes
1666 1350 2034 1415 Tortosam
2068 1357 2550 1433 pervenerunt,
2581 1352 2956 1433 urbemque
2986 1354 3099 1415 ob-

1226 1449 1488 1514 sidione
1531 1450 1872 1515 vallantes
1926 1451 2109 1514 infra
2157 1451 2303 1514 dies
2353 1470 2612 1533 paucos
2666 1451 3097 1515 obtinuerunt

1226 1570 1401 1624 eam,
1474 1550 1739 1615 civibus
1806 1551 2233 1633 interemptis
2290 1558 2412 1615 aut
2486 1550 2899 1633 mancipatis
2954 1571 3099 1633 per-

1226 1659 1452 1733 petuae
1487 1651 1829 1714 servituti.

1354 1823 1529 1903 Quod
1557 1845 1665 1887 rex
1687 1822 2254 1906 Hierosolymarwm
2283 1833 2402 1888 tres
2431 1823 2708 1889 civitates
2729 1823 2972 1911 mbeyit.

902 1954 1134 2045 ffiggsst·
1146 1958 1193 1996 0¹
1349 1947 1492 2012 Sub
1552 1948 1659 2013 his
1721 1967 1998 2031 quoque
2052 1948 2291 2012 diebus
2353 1948 2423 2011 in
2499 1956 2706 2032 portu
2766 1950 2812 2014 J
2818 1952 3093 2033 oppensi

900 2034 1152 2146 {gurg-fiek.
1223 2067 1474 2130 magna
1526 2047 1572 2111 J
1579 2047 1983 2112 anuensium
2036 2048 2258 2112 classe
2312 2048 2628 2131 appulsa,
2684 2056 2756 2112 et
2803 2050 2877 2114 in
2926 2050 3090 2114 Pas-

1219 2148 1399 2211 chali
1475 2148 1912 2212 solemnitate
1986 2147 2543 2230 Hierosolymam
2620 2150 3087 2214 ascenderunt.

1222 2247 1494 2312 Horum
1538 2267 1662 2312 rex
1697 2248 2135 2311 Hierusalem
2180 2247 2622 2313 Baldewinus
2667 2248 2887 2313 fultus
2930 2268 3087 2313 aux-

1219 2346 1340 2411 ilio
1380 2341 1632 2412 Assur¹
1673 2347 2003 2430 oppidum
2045 2347 2458 2411 maritimum
2499 2348 2770 2412 obsedit
2812 2357 2887 2412 et
2929 2349 3088 2413 illud

1218 2454 1535 2529 potenter
1562 2447 1987 2531 subjugavit,
2034 2455 2129 2523 et,
2161 2447 2233 2510 in
2267 2466 2350 2511 eo
2381 2447 2782 2512 custodibus
2812 2448 3090 2526 relictis,

1219 2545 1608 2611 Caesaream
1650 2567 1871 2629 usque
1915 2548 2267 2629 pervenit3
2317 2566 2524 2629 quam
2558 2567 2683 2611 rex
2709 2567 2858 2611 cum
2895 2567 3090 2631 mag-

1217 2665 1307 2710 no
1334 2647 1569 2711 labore
1602 2666 1879 2710 suorum
1918 2643 2268 2711 effractam
2310 2647 2679 2728 ingressus,
2708 2647 3087 2713 intersectis

1215 2745 1505 2824 civibus,
1536 2747 1758 2829 spolia
1788 2746 2036 2810 ibidem
2065 2746 2550 2829 impretiabilia
2577 2747 2891 2824 obtinuit,
2925 2767 3085 2830 quae

1214 2846 1355 2910 suis
1389 2846 1774 2911 auxiliariis
1806 2845 2092 2928 largiter
2116 2847 2451 2928 erogavit.
2553 2846 2724 2910 Erat
2754 2855 2983 2911 autem
3017 2849 3084 2911 in

1213 2965 1353 3012 una
1389 2954 1586 3030 parte
1640 2947 1846 3032 hujus
1903 2946 2205 3011 civitatis
2253 2947 2579 3030 templum
2635 2948 2942 3023 deorum,
2996 2949 3080 3012 ad

1211 3048 1392 3129 quod
1443 3047 1740 3132 populus
1783 3065 1994 3111 causa
2044 3046 2431 3111 obtinendae
2477 3046 2724 3111 salutis
2762 3047 3080 3130 confuge-

1209 3155 1350 3227 rat3
1398 3148 1542 3225 sed,
1564 3148 1683 3211 illo
1714 3146 2088 3223 confracto,
2111 3153 2309 3210 tanta
2335 3147 2431 3211 ibi
2460 3154 2731 3229 strages
2751 3147 2938 3212 facta
2957 3155 3078 3224 est,

1209 3255 1286 3310 ut
1332 3248 1573 3312 horror
1615 3255 1797 3311 esset
1841 3247 2214 3310 occisorum
2263 3246 2768 3311 multitudinem
2810 3249 3076 3311 intueri.

1209 3345 1296 3409 In
1337 3347 1456 3410 illo
1501 3355 1731 3411 autem
1761 3346 2062 3410 oratorio
2097 3365 2219 3411 vas
2253 3345 2646 3410 viridissimi
2690 3347 2940 3411 coloris
2975 3367 3078 3411 re-

1203 3453 1471 3526 pertum
1506 3455 1636 3524 est,
1657 3447 1728 3509 in
1754 3445 2029 3509 modum
2061 3446 2443 3528 paropsidis
2475 3445 2867 3524 formatum,
2898 3448 3076 3530 quod

1202 3543 1248 3607 J
1254 3564 1588 3609 anuenses
1647 3545 2161 3627 smaragdinum
2215 3553 2613 3628 reputantes
2660 3566 2788 3629 pro
2831 3566 3082 3627 magna

1200 3645 1509 3726 pecuniae
1565 3664 1834 3709 summa
1874 3652 2296 3728 receperunt,
2341 3654 2410 3710 et
2457 3666 2585 3729 pro
2635 3657 2887 3711 ornatu
2925 3668 3080 3729 pre-

1171 3743 1379 3808 ·tioso
1441 3764 1586 3809 suoe
1642 3745 1815 3809 illud
1879 3745 2185 3810 ecclesiae
2250 3746 2666 3810 obtulerunt.
2771 3745 3078 3811 Adducti

1190 3852 1359 3909 sunt
1389 3852 1618 3909 autem
1669 3864 1900 3910 coram
1940 3865 2101 3927 rege
2146 3852 2550 3927 procurator
2595 3846 2923 3923 civitatiS,
2961 3849 3082 3930 qui

1186 3945 1432 4029 'lingua
1450 3965 1684 4010 eorum
1705 3944 1917 4028 Emyr
1941 3944 2213 4022 dicitur,
2231 3952 2301 4009 et
2323 3945 2689 4028 juridicuS,
2711 3945 2832 4028 qui
2852 3940 2876 3978 ²
2890 3945 3077 4011 Cad-

1188 4040 1339 4109 'mis'
1368 4046 1869 4129 appellabatur,
1915 4045 2034 4127 qui
2073 4064 2195 4127 spe
2233 4045 2552 4108 maximae
2584 4045 3078 4129 mdemptionis

1194 4154 1355 4210 sunt
1401 4146 1841 4229 compedibus
1883 4144 2277 4227 mancipati.
2382 4144 2543 4209 Rex
2595 4165 2762 4210 vero
2817 4147 3077 4211 consti-

1263 4377 1495 4446 Μίκκα]
1517 4380 1726 4442 ‘Arsur,
1742 4377 1984 4441 oppidum
1999 4392 2105 4427 ma·
2150 4377 2335 4439 tipatm
2347 4379 2422 4428 sic
2437 4373 2761 4441 appellatus?
2798 4378 3080 4441 Will.‘l’rr.

1189 4451 1408 4501 ritimum
1434 4486 1448 4501 .
1466 4486 1480 4501 .
1496 4488 1510 4501 .
1535 4451 1629 4499 Est
1650 4456 1817 4499 autem
1841 4448 1921 4497 hic
1943 4448 2104 4509 locus,
2151 4463 2204 4509 p.
2226 4451 2339 4497 783.

1189 4522 1277 4584 qui
1310 4521 1411 4570 alio
1438 4521 1635 4570 nomine
1658 4517 1982 4581 Antipatrida
2011 4533 2102 4579 ap·
2220 4514 2241 4543 ’
2266 4517 2506 4581 Οαάηιίο,]
2551 4533 2609 4566 or
2652 4531 2789 4567 more
2833 4520 3077 4581 properly

1188 4592 1423 4655 pellatur,
1435 4593 1501 4641 ab
1519 4589 1741 4640 Herodis
1765 4588 2103 4652 genitoreAn-
2149 4586 2368 4636 ‘Cadius
2386 4587 2422 4648 ς’
2457 4587 2598 4637 Win.
2620 4587 2740 4649 Tyr.
