3457 5887
1191 846 1322 912 276
1697 857 1963 905 nocam
2008 856 2102 904 ns
2148 853 2555 904 wsunovssn

871 1036 983 1077 zm.
1006 1038 1114 1076 1154.
1152 1046 1157 1051 ·
1193 1019 1409 1094 rebat,
1452 1024 1523 1081 et
1565 1016 1664 1080 sic
1717 1011 2139 1099 aliquamdiu
2197 1030 2647 1096 perseverans
2690 1010 2913 1073 carnis
2955 1008 3063 1070 in-

870 1087 1101 1179 3¹53&
1195 1117 1488 1193 centiva,
1559 1116 1758 1200 cujus
1831 1114 2194 1179 acerrimos
2269 1112 2659 1196 patiebatur
2729 1108 3066 1182 stimuloS,

1196 1215 1653 1281 mortificabat
1700 1215 1773 1277 in
1822 1215 2045 1297 aquis·
2140 1212 2442 1275 Humilis
2486 1218 2637 1275 erat
2688 1209 2954 1273 cunctis
2995 1207 3069 1269 in

1195 1315 1466 1397 eloquio
1522 1321 1592 1378 et
1645 1314 2015 1397 jucundus»,
2068 1312 2264 1396 cujus
2320 1329 2667 1375 sermones
2726 1308 3066 1372 caelestem

1195 1414 1538 1495 quandam
1581 1412 2002 1477 harmoniam
2049 1410 2482 1475 audientibus
2527 1408 2948 1483 redolebant,
2985 1406 3066 1468 li-

1194 1522 1304 1578 cet
1330 1513 1713 1577 hominibus
1743 1531 2010 1595 semper
2038 1510 2277 1575 clausa
2305 1509 2604 1574 fenestra
2624 1510 3037 1590 loqueretur.

1306 1684 1697 1751 Min-aculam
1724 1681 2110 1748 mmor-abile
2138 1682 2212 1746 de
2249 1681 2539 1746 incisione
2567 1680 2772 1745 loricae
2801 1681 2946 1764 ejus.

1297 1802 1517 1872 Inter¹
1551 1807 1698 1872 haec
1721 1810 1827 1873 vir
1858 1808 1991 1873 Dei
2014 1808 2368 1884 WlfricuS,
2389 1808 2520 1871 soli
2544 1807 2699 1870 Deo
2723 1807 3058 1887 cognitus,

1196 1910 1265 1973 in
1318 1908 1633 1973 notitiam
1694 1907 2045 1972 hominum
2097 1908 2185 1973 ad
2240 1926 2475 1971 eorum
2527 1908 2817 1970 salutem
2863 1906 3057 1989 quasi

1198 2027 1398 2071 mane
1444 2027 1698 2072 novum
1737 2009 2092 2090 prorupit,
2075 2028 2092 2043 ·
2153 2026 2309 2070 nam
2360 2006 2599 2082 lorica,
2638 2025 2781 2089 qua
2827 2005 3059 2069 indue·

1198 2108 1422 2182 batur,
1484 2126 1637 2170 cum
1687 2125 1763 2170 se
1817 2108 2107 2189 genibus
2157 2107 2308 2190 ejus
2354 2106 2693 2182 allideret,
2737 2113 2809 2170 et
2853 2124 3065 2186 genu-

1201 2206 1571 2270 flexionum
1594 2206 1745 2289 ejus
1775 2207 2171 2271 instantiam
2197 2205 2628 2287 praepediret,
2650 2205 2937 2269 militem
2963 2205 3066 2266 sui

1200 2305 1543 2370 conscium
1583 2306 1830 2370 secreti
1880 2305 2177 2369 advocat
2213 2311 2284 2368 et
2322 2304 2505 2386 apud
2538 2323 2696 2367 eum
2737 2304 2827 2368 de
2866 2305 3071 2367 nimia

1200 2404 1627 2485 longitudine
1648 2403 1879 2468 loricae
1905 2412 2260 2483 causamn-3
2294 2403 2378 2467 ad
2401 2422 2599 2484 quem
2622 2404 2844 2480 mileS,
2867 2403 3076 2466 ‘Mit-

1201 2502 1427 2579 tetur,’
1460 2503 1760 2586 inquit,‘
1792 2502 2206 2581 Londonias,
2240 2510 2318 2567 ut
2345 2503 2526 2567 sicut
2563 2503 2707 2585 ipse
2744 2503 3072 2584 designa-

1201 2603 1379 2669 veris
1412 2602 1802 2667 incidatur!
1880 2602 2334 2686 Respondeas
2355 2603 2463 2666 vir
2498 2602 2621 2666 Dei
2651 2602 2851 2677 dixit,
2884 2608 2907 2635 ‘
2932 2602 3006 2665 N
3008 2603 3069 2664 i-

1200 2703 1403 2764 miam
1424 2720 1687 2767 moram
1708 2701 1990 2767 haberet
2022 2722 2131 2766 res
2160 2702 2319 2778 ista,
2346 2720 2475 2765 nec
2503 2709 2724 2784 posset
2750 2708 3066 2765 ostenta-

1201 2800 1409 2864 tionis
1459 2807 1628 2865 nota
1665 2819 1940 2880 carere;
1986 2802 2105 2866 sed
2146 2802 2271 2877 tu,'
2305 2802 2551 2882 inquit,
2584 2807 2602 2834 ‘
2626 2799 2751 2863 has
2791 2800 3068 2864 forfices

1200 2918 1429 2964 coram
1491 2899 1646 2966 Deo
1707 2900 2163 2984 apprehende,
2214 2908 2286 2965 et
2341 2920 2550 2965 manu
2604 2901 2886 2985 propria
2943 2899 3074 2965 hoc

1201 3019 1376 3082 opus
1409 3000 1689 3065 absolve
1710 3001 1754 3080 ;’
1797 2997 2119 3085 deditque
2156 3002 2229 3065 in
2267 3002 2581 3065 manibus
2619 3002 2772 3085 ejus
2806 3001 3071 3064 forfices

1202 3099 1287 3163 de
1325 3099 1538 3183 ipsius
1570 3100 1805 3164 militis
1840 3101 2043 3167 domo
2081 3101 2352 3177 allatas,
2387 3107 2458 3164 et
2490 3101 2693 3165 militi
2726 3101 3070 3166 haesitanti

1203 3203 1275 3262 et
1301 3198 1527 3281 ipsum
1561 3198 1852 3264 delirare
1880 3201 2300 3264 existimanti
2333 3199 2456 3276 ait,
2495 3206 2516 3235 ‘
2542 3199 2896 3265 Constans
2930 3209 3071 3264 esto

1203 3305 1274 3362 et
1312 3298 1471 3362 vide
1522 3318 1607 3362 ne
1650 3298 1974 3381 trepides,
2014 3318 2144 3379 ego
2181 3299 2361 3363 vado
2405 3319 2531 3382 pro
2571 3299 2705 3364 hac
2755 3321 2832 3364 re
2883 3320 3071 3365 orare

1203 3397 1573 3462 Dominum
1611 3417 1861 3474 meum,
1896 3406 1966 3463 et
2001 3398 2273 3463 interim
2307 3399 2465 3463 huic
2504 3401 2698 3483 operi
2741 3400 3070 3465 fiduciali-

1203 3503 1310 3560 ter
1336 3498 1695 3562 incumbe.’
1744 3497 1973 3562 Instat
2006 3505 2290 3580 uterque
2318 3499 2537 3575 miles,
2571 3517 2750 3562 unus
2782 3500 3070 3565 orationi

1203 3603 1274 3659 et
1313 3595 1489 3660 alter
1524 3597 1862 3674 incisioni,
1897 3604 1966 3661 et
2011 3605 2118 3661 est
2155 3617 2329 3680 opus
2363 3599 2435 3662 in
2474 3617 2712 3662 eorum
2756 3600 3069 3663 manibus

1202 3703 1700 3776 prosperatum,
1748 3698 2033 3778 putabat
2072 3697 2250 3760 enim
2290 3698 2486 3761 miles
2520 3718 2657 3762 non
2701 3717 2778 3762 se
2824 3698 3068 3763 ferrum

1201 3793 1520 3870 incidere,
1554 3794 1674 3857 sed
1704 3814 2032 3877 pannum,
2058 3796 2217 3860 dum
2245 3804 2442 3863 tanta
2470 3798 2806 3862 facilitate
2836 3800 2906 3862 in
2940 3799 3068 3861 ser·

1203 3911 1280 3956 ro
1311 3892 1577 3956 forfices
1606 3894 2073 3975 incurrerunt3
2127 3896 2271 3973 sed,
2299 3897 2448 3961 viro
2482 3897 2616 3961 Dei
2649 3906 2815 3961 ante
2848 3899 3069 3981 operis

1199 3993 1847 4056 consummationem
1870 3995 1958 4057 ab
1979 3995 2287 4059 oratione
2310 4004 2644 4073 cessante,
2667 4005 2955 4062 coactus
2972 4006 3070 4061 est

1199 4092 1288 4154 ab
1314 4091 1645 4156 incisione
1673 4111 1964 4158 cessare.
2068 4092 2361 4159 Adstitit
2388 4094 2720 4160 Wlfricus
2749 4097 2954 4162 militi
2982 4106 3070 4175 et,

1197 4190 1496 4271 qualiter
1530 4210 1639 4255 res
1664 4192 2050 4274 profecerit,
2079 4201 2604 4276 percunctatum
2655 4201 2675 4229 ‘
2703 4196 2945 4273 Bene,’
2971 4197 3072 4260 in·

1198 4290 1371 4372 quit,
1414 4296 1434 4324 ‘
1460 4289 1817 4370 hactenuS,
1852 4292 1970 4356 sed
2024 4312 2229 4371 nunc,
2266 4301 2335 4358 te
2377 4294 2812 4371 adveniente,
2851 4304 3069 4378 ruptae

1194 4389 1463 4453 forfices
1512 4391 1967 4456 substiterunt
1988 4391 2040 4471 ;’
2103 4399 2175 4456 et
2228 4393 2367 4470 ille,
2419 4399 2440 4428 ‘
2465 4392 2626 4457 Non
2685 4401 2755 4458 te
2802 4403 3071 4459 moveat

1268 4565 1280 4596 ¹
1309 4568 1447 4618 Inter
1488 4566 1604 4616 hoec.
1638 4561 1663 4634 ]
1708 4566 1815 4615 The
1852 4565 2108 4628 following
2155 4566 2263 4614 also
2295 4567 2364 4626 by
2386 4565 2611 4614 Gervase
2646 4565 2808 4613 under
2840 4566 2925 4614 the
2955 4579 3073 4626 year

1197 4638 1438 4686 auecdote
1483 4636 1542 4685 os
1578 4635 1773 4685 Wilsric
1827 4636 1872 4684 is
1915 4636 2105 4684 related
2161 4638 2307 4697 1140,
2328 4635 2585 4684 col.1361.
