3457 5887
890 803 1164 853 rnoans
1208 803 1742 856 msroamuuu.
2134 787 2260 853 111

384 959 553 1024 mini
579 961 941 1027 millesimo
984 962 1426 1045 nonagesimo
1455 966 1727 1040 octavo,
1757 980 1993 1026 mense
2019 960 2069 1025 J
2074 962 2264 1040 unio,

383 1061 595 1125 tertia
625 1060 735 1125 die
768 1061 1045 1126 mensis·

484 1217 584 1281 Do
615 1216 952 1299 Smsabolo,
981 1226 1038 1283 ot
1066 1216 1331 1381 ngalebtzr
1357 1216 1667 1282 castollum
1691 1239 1869 1283 suum
1896 1218 2165 1285 tradidit

1166 1339 1235 1382 or
1315 1337 1530 1382 ranno.

494 1439 668 1505 Post
699 1447 970 1555 captam
1001 1447 1233 1506 autem
1266 1439 1726 1520 Antiochiam,
1759 1461 1916 1506 cum
1960 1442 2260 1508 civitatis

392 1540 753 1619 tumultus,
782 1540 929 1655 jam
979 1540 1237 1605 sedatis
1283 1541 1620 1619 omnibus,
1664 1542 2060 1624 quievisset,
2096 1561 2260 1606 con-

392 1647 725 1705 venerunt
776 1641 1116 1724 principes
1171 1641 1245 1704 in
1302 1658 1541 1718 unum,
1591 1642 1933 1705 communi
1986 1641 2261 1707 decreto

390 1745 796 1817 statuentes,
826 1748 905 1804 ut
921 1748 1246 1816 montem,
1272 1739 1391 1823 qui
1409 1739 1559 1803 urbi
1585 1738 2004 1818 imminebat,
2022 1760 2262 1805 ascen·

392 1838 653 1917 derent,
699 1845 770 1902 et
805 1840 1014 1904 situm
1056 1839 1128 1902 in
1174 1858 1257 1903 eo
1303 1838 1692 1922 praesidium
1736 1848 2259 1922 expugnarent3

393 1957 532 2020 quo
584 1939 1085 2021 pervenientes,
1135 1957 1289 2002 cum
1347 1937 1432 2001 de
1474 1938 1843 2022 municipio
1892 1946 2261 2017 constaret,

393 2037 583 2119 quod
612 2037 887 2101 omnino
905 2044 1087 2102 esset
1104 2035 1634 2120 inexpugnabile
1652 2038 1786 2100 nisi
1803 2037 1981 2102 same
1997 2059 2260 2122 preme-

273 2134 285 2146 '
392 2142 611 2213 retur,
644 2135 733 2200 ad
764 2135 904 2201 alia
933 2155 1009 2200 se
1048 2143 1454 2217 argumenta
1485 2143 1991 2201 converterunt.
2093 2139 2266 2203 Erat

403 2242 635 2298 autem
673 2235 744 2298 in
785 2235 906 2299 illo
934 2234 1252 2319 praesidio
1281 2233 1592 2299 dominus
1616 2241 1687 2298 et
1715 2235 2044 2317 magister
2061 2229 2079 2268 ¹
2095 2236 2266 2301 Sen-

402 2333 704 2411 sabelus,
732 2331 1017 2412 Axiani,
1060 2334 1206 2399 sive
1250 2332 1598 2410 Garsiani,
1640 2334 2017 2447 supradicti
2062 2334 2268 2413 filius,

401 2452 558 2496 cum
600 2433 816 2515 copiis
858 2433 1237 2498 Turcorum
1277 2432 1537 2511 multis,
1573 2434 1692 2516 qui
1734 2433 1807 2497 in
1842 2432 2266 2502 Corbaranni

401 2540 472 2596 et
505 2531 872 2596 Persarum
914 2532 1372 2597 multitudinis
1413 2532 1713 2597 adventu
1755 2552 1946 2616 spem
1985 2552 2266 2616 ponens,

402 2651 552 2695 cum
581 2632 804 2715 ipsum
830 2632 905 2696 in
938 2640 1169 2715 partes
1198 2631 1666 2697 Antiochenas
1710 2631 2068 2697 advenisse
2109 2652 2269 2716 cog-

404 2731 620 2808 novit,
652 2728 965 2814 confugit
1006 2731 1096 2795 ad
1134 2750 1289 2795 eum
1328 2750 1483 2795 cum
1516 2730 1883 2816 lachrymis
1925 2731 2010 2796 de
2049 2740 2266 2797 morte

404 2831 622 2912 patris
664 2836 731 2894 et
769 2828 1158 2899 Antiochiae
1201 2830 1622 2895 desolatione
1666 2831 2014 2914 querelam
2058 2832 2268 2916 depo·

406 2949 602 2993 nens.
701 2927 835 2994 Cui
884 2928 1389 3009 Corbarannus,
1448 2934 1471 2964 ‘
1493 2929 1569 2994 Si
1632 2930 1978 3008 volueris,'
2024 2930 2270 3016 inquit,

408 3034 431 3063 ‘
465 3036 548 3093 ut
600 3028 764 3093 totis
804 3028 1065 3093 viribus
1116 3048 1241 3112 pro
1309 3037 1378 3095 te
1437 3029 1869 3108 contendam,
1917 3030 2271 3096 castellum

410 3135 611 3192 tuum
644 3128 715 3191 in
757 3147 964 3192 manu
1003 3136 1237 3193 nostra
1278 3129 1647 3207 committe,
1686 3135 1780 3208 et,
1818 3148 1974 3193 cum
2017 3150 2148 3212 ego
2190 3131 2272 3195 de

409 3234 480 3292 te
523 3246 801 3291 securus
843 3227 1061 3305 fuero,
1094 3227 1514 3309 plebeculam
1565 3227 1755 3292 illam
1801 3229 1966 3294 totis
2014 3229 2272 3295 nisibus

404 3326 873 3408 impugnabo!
970 3325 1409 3406 Sensabolus,
1456 3325 1881 3391 Corbaranni
1929 3330 2273 3411 petitioni-

405 3426 536 3488 bus
580 3424 1048 3508 adquiescens,
1091 3426 1532 3509 municipium
1576 3427 1706 3490 sub
1748 3434 2091 3509 potestate
2130 3437 2269 3493 tra-

408 3524 581 3589 didit
643 3524 1069 3606 desensoris3
1147 3524 1629 3590 Corbarannus
1696 3524 1932 3609 itaque
1990 3535 2273 3611 accepto

410 3624 693 3689 castello
744 3643 907 3688 suos
962 3624 1310 3707 imposuit,
1373 3632 1443 3690 et
1495 3624 1876 3690 Sensabolo
1940 3626 2273 3691 auxilium

413 3722 614 3787 fidele
639 3723 973 3807 promisit.
1046 3721 1425 3788 Audientes
1454 3723 1686 3808 itaque
1719 3724 2060 3808 principes
2091 3726 2274 3809 quod

413 3822 896 3887 Corbarannus
971 3820 1060 3885 ad
1135 3821 1304 3887 fines
1358 3821 1828 3888 Antiochenos
1908 3825 2276 3908 appropin-

414 3928 718 4005 quasset,
778 3922 888 3987 die
961 3919 1179 3986 altera
1245 3928 1407 4005 post
1459 3928 1732 4005 captam
1794 3922 2057 4001 urbem,
2123 3943 2278 3987 cum

412 4022 597 4085 circa
638 4020 788 4105 ejus
830 4020 1208 4085 custodiam
1250 4028 1321 4086 et
1357 4040 1483 4104 pro
1526 4020 1868 4086 alimentis
1913 4021 2280 4086 inserendis

410 4121 615 4184 nimis
673 4126 902 4184 essent
960 4119 1258 4198 solliciti,
1306 4139 1463 4185 ecce
1526 4120 1792 4203 equites
1850 4122 2135 4186 trecenti
2197 4122 2281 4187 de

410 4219 723 4284 exercitu
756 4217 1179 4284 Corbaranni
1221 4220 1571 4285 venientes
1619 4227 1783 4284 ante
1831 4221 2068 4284 urbem
2112 4222 2282 4285 satis

400 4319 693 4398 lascive,
721 4325 801 4383 ut
828 4325 1100 4384 nostros
1133 4318 1222 4383 ad
1248 4320 1511 4384 exitum
1537 4326 2014 4402 provocarent.
2076 4318 2283 4398 Quod

581 4548 2117 4633 ‘seanmu;]oeuedsmad01oebyunmsbnry,§m.

2286 977 2395 1019 A‘D·
2416 979 2528 1018 lm·

2285 1029 2459 1078 ΗΜ
2475 1028 2524 1068 οἱ

2283 1079 2576 1121 thermad-n.

2287 1467 2514 1509 Arrlvdd

2286 1519 2489 1568 KQ·-
