3457 5887
897 820 1170 872 ivnonas
1214 819 1751 870 ffls‘ronmnuu.
2120 805 2252 871 259

367 975 647 1041 clesiam
681 977 1029 1059 perduxit,
1062 979 1177 1043 ubi
1221 996 1345 1061 per
1381 979 1527 1042 dies
1561 977 1948 1060 quindecim
1985 978 2241 1042 oratio-
2271 994 2380 1036 A..n
2401 996 2514 1035 uss.

368 1076 570 1140 nibus
603 1076 893 1142 devotus
928 1078 1254 1155 instabat,
1286 1085 1356 1142 'et
1389 1077 1526 1142 illis
1555 1079 1659 1142 sic
1691 1078 1933 1141 diebus
1963 1077 2242 1160 elapsis,
2265 1045 2566 1189 With-⁰7¹2

365 1193 569 1240 mane
617 1177 829 1242 missa
885 1196 930 1240 a
983 1178 1208 1259 priore
1269 1177 1637 1254 celebrata,
1688 1196 1890 1242 sacra
1937 1196 2240 1243 commu-
2297 1174 2307 1185 '

364 1276 570 1340 nione
625 1276 909 1342 militem
969 1277 1437 1353 communivit,
1505 1277 2016 1359 adductumque
2085 1296 2243 1359 spe-

365 1374 591 1439 luncae
621 1376 974 1443 introitum
1013 1396 1197 1459 aqua
1226 1396 1383 1442 eum
1418 1376 1779 1442 benedicta
1822 1375 2140 1459 aspersit,
2169 1384 2242 1443 et

363 1482 605 1556 aperto
635 1476 812 1541 ostio
842 1475 1044 1554 dixit,
1070 1481 1091 1509 ‘
1117 1476 1299 1541 Ecce
1324 1496 1505 1541 nunc
1539 1475 1832 1544 intrabis
1865 1476 1938 1540 in
1966 1477 2238 1542 nomine

359 1573 411 1638 J
416 1594 539 1639 esu
574 1573 853 1653 Christi,
883 1583 953 1640 et
986 1596 1107 1659 per
1139 1577 1640 1644 concavitatem
1683 1575 2033 1657 speluncae
2062 1582 2237 1639 tam-

359 1672 481 1738 diu
524 1675 928 1752 ambulabis,
975 1675 1190 1740 donec
1244 1676 1320 1739 in
1367 1694 1581 1744 unum
1624 1694 1946 1759 campum
1995 1673 2237 1740 exiens

359 1773 593 1840 aulam
621 1775 929 1839 invenies
958 1775 1518 1841 artificiosissime
1545 1773 1950 1842 fabricatam
1976 1794 1994 1853 3
2030 1793 2235 1855 quam

357 1892 518 1938 cum
565 1875 917 1955 ingressus
959 1875 1193 1951 fueris,
1227 1877 1464 1940 statim
1509 1894 1597 1939 ex
1642 1881 1841 1957 parte
1885 1873 2020 1938 Dei
2064 1893 2238 1938 nun-

359 1974 498 2039 tios
531 1972 838 2051 habebis,
868 1973 987 2056 qui
1021 1973 1146 2039 tibi
1188 1973 1301 2056 pie
1332 1973 1500 2057 quid
1532 1974 1746 2040 facies
1790 1973 2237 2038 indicabunt.’

360 2072 497 2136 Vir
551 2080 783 2138 autem
826 2073 944 2136 ille
990 2072 1257 2137 virilem
1290 2092 1534 2156 gerens
1586 2074 1889 2138 animum
1933 2072 2022 2135 ad
2062 2092 2238 2155 pug-

360 2191 524 2236 nam
558 2171 943 2238 daemonum
970 2171 1297 2237 audacter
1328 2171 1668 2255 prorupit,
1700 2179 1909 2254 atque
1939 2172 2237 2235 omnium

360 2291 440 2335 se
499 2272 920 2338 orationibus
962 2271 1446 2338 commendans
1485 2270 1784 2337 frontem
1826 2288 2026 2338 suam
2062 2270 2236 2335 vivi-

359 2370 512 2435 ficae
553 2372 777 2436 crucis
836 2371 1036 2453 signo
1084 2372 1380 2438 munivit
1424 2377 1495 2435 et
1536 2369 1923 2453 intrepidus
1967 2377 2237 2451 portam

354 2470 666 2548 intravit,
712 2477 804 2548 et,
848 2472 1026 2537 ostio
1068 2478 1229 2554 post
1268 2490 1425 2538 eum
1462 2471 1811 2548 obserato,
1851 2469 2043 2553 prior
2084 2487 2235 2534 cum

353 2570 786 2653 processione
812 2571 1170 2639 ecclesiam
1201 2570 1548 2654 repetivit.

499 2742 2082 2832 Quodnzilesadaulampervonimweamintravit.

457 2869 663 2934 Miles
705 2870 940 2953 itaque
973 2891 1097 2954 per
1137 2870 1536 2953 speluncam
1581 2868 1916 2931 audacter
1949 2885 2231 2949 progre-

354 2969 573 3034 diens
604 2970 836 3034 lumen
906 2971 1238 3054 paulatim
1300 2970 1514 3034 totius
1571 2967 1909 3032 claritatis
1972 2967 2229 3044 amisit,

353 3069 481 3137 sed
508 3070 809 3147 tandem,
839 3089 1056 3153 parvo
1081 3070 1336 3135 lumine
1365 3075 1764 3152 apparente,
1797 3067 1885 3133 ad
1912 3084 2229 3148 campum

351 3168 762 3252 praedictum
805 3170 1117 3252 pervenit
1147 3177 1218 3236 et
1261 3169 1530 3248 aulam;
1577 3168 1702 3231 lux
1746 3166 1842 3231 ibi
1884 3184 2022 3230 non
2057 3173 2229 3243 erat,

350 3269 488 3332 nisi
524 3269 749 3351 qualis
790 3270 862 3335 in
893 3289 1182 3351 vespera
1222 3268 1334 3333 hic
1372 3269 1681 3343 habetur,
1725 3266 1886 3330 aula
1930 3265 2229 3347 parietes

350 3388 499 3435 non
540 3368 859 3446 habebat,
898 3369 1017 3434 sed
1052 3369 1387 3435 columnis
1420 3374 1570 3432 erat
1611 3385 1735 3449 per
1777 3383 2023 3450 gyrum
2065 3364 2226 3429 sub-

347 3469 551 3546 nixa,
581 3476 659 3534 ut
696 3469 1069 3535 claustmm
1112 3469 1291 3533 solet
1330 3466 1843 3533 monachorum.
1946 3463 2224 3545 Ingres-

345 3587 612 3651 susque
645 3587 821 3646 eam,
853 3576 925 3633 et
956 3570 1144 3636 intus
1186 3567 1458 3644 sedens,
1486 3565 1722 3633 oculos
1756 3554 2059 3631 studiose
2089 3562 2223 3626 huc

345 3668 656 3750 illucque
701 3669 1065 3746 convertit,
1129 3668 1475 3735 admirans
1527 3665 1714 3733 illius
1775 3661 2222 3745 pulchritudi-

345 3787 511 3834 nem
559 3774 632 3834 et
692 3774 1165 3847 structuram;
1227 3767 1346 3833 ubi
1391 3785 1547 3833 cum
1608 3762 1964 3847 paululum
2033 3760 2223 3827 solus

344 3867 668 3955 sedisset,
714 3888 871 3935 ecce
930 3866 1318 3950 quindecim
1373 3865 1505 3929 viri
1555 3863 1756 3947 quasi
1810 3860 2116 3943 religiosi
2153 3867 2225 3924 et

344 3951 573 4050 nuper
613 3968 776 4045 rasi,
816 3967 1126 4053 albisque
1173 3965 1478 4033 vestibus
1526 3962 1773 4039 induti,
1814 3961 2075 4042 regiam
2117 3959 2223 4021 in-

344 4073 737 4143 traverunt,
775 4074 847 4133 et
889 4067 1270 4133 salutantes
1310 4083 1467 4131 eum
1507 4063 1581 4128 in
1618 4062 1894 4128 nomine
1944 4056 2226 4125 Domini

345 4166 833 4233 consederunt.
943 4166 1166 4244 Tunc,
1217 4164 1373 4231 aliis
1424 4163 1840 4237 tacentibus,
1895 4176 2073 4225 nnus
2123 4156 2226 4220 lo-

345 4267 696 4348 quebatur
726 4286 881 4333 cum
923 4267 1075 4349 ipso
1106 4266 1363 4345 dicens,
1409 4269 1430 4299 ‘
1453 4262 1870 4331 Benedictus
1904 4258 1996 4323 sit
2029 4258 2224 4321 Deus

349 4366 811 4448 omnipotens,
860 4367 977 4449 qui
1008 4367 1262 4432 bonum
1300 4364 1425 4429 tibi
1461 4362 1889 4447 propositum
1932 4355 2225 4439 inspira-

349 4465 481 4542 vit,
513 4473 592 4529 ut
634 4485 760 4548 pro
798 4466 1099 4549 peccatis
1142 4465 1281 4532 tuis
1326 4462 1802 4547 purgatorium
1843 4457 1974 4522 hoc
2010 4456 2228 4521 intra·-

349 4584 508 4645 res;
543 4564 686 4642 sed,
720 4565 944 4633 uisite
967 4565 1257 4633 viriliter
1285 4563 1564 4643 habeas,
1591 4577 1876 4644 corpore
1905 4563 1975 4621 et
2002 4553 2231 4623 anima

1947 4689 1971 4723 s
1992 4679 2024 4723 2
