3457 5887
861 966 913 1006 Δ.
918 966 969 1005 D.
992 966 1101 1005 11⁶⁸.

864 1018 1026 1056 Lector·

863 1068 913 1105 of
926 1065 1081 1105 Becket

864 1116 948 1156 md
964 1115 1120 1155 othm-

1174 771 1305 837 328
1681 785 1946 835 nocam
1994 784 2088 832 nn
2131 782 2540 832 wsnnovsn

1178 945 1249 1008 in
1297 943 1484 1007 nullo
1523 943 1960 1022 reclamante,
1997 962 2150 1007 cum
2194 942 2381 1007 volet
2414 941 2700 1024 quilibet
2737 938 3044 1022 appella-

1181 1044 1326 1123 bit;
1384 1044 1454 1106 in
1493 1063 1655 1128 quo,
1703 1044 1766 1107 si
1810 1044 1955 1127 juri
1997 1050 2227 1108 vestro
2270 1042 2381 1107 vel
2427 1040 2669 1106 honori
2719 1038 3043 1124 praejudi-

1182 1150 1378 1207 catur
1412 1143 1486 1206 in
1531 1143 1785 1226 aliquo,
1833 1142 1902 1206 id
1955 1162 2031 1206 se
2085 1142 2298 1207 totius
2351 1140 2656 1205 ecclesiae
2698 1139 2892 1220 regni
2938 1136 3045 1200 sni

1181 1242 1464 1306 consilio
1527 1249 1988 1307 correcturum
2043 1241 2117 1306 in
2176 1240 2512 1323 proxim0,
2558 1239 2854 1323 juvante
2904 1236 3050 1300 Do-

1182 1342 1390 1417 mino,
1423 1341 1806 1423 pollicetur.
1903 1340 2389 1424 Imperatorem
2419 1339 2640 1415 illum,
2666 1337 2800 1401 etsi
2839 1335 3051 1399 schis-

1185 1440 1508 1504 maticum
1553 1441 1843 1517 noverit,
1894 1458 1938 1503 a
1978 1440 2173 1504 vobis
2221 1446 2447 1503 tamen
2502 1437 3051 1501 excommunica-

1189 1546 1333 1603 tum
1390 1558 1562 1617 esse,
1627 1558 1844 1622 usque
1904 1538 2106 1603 hodie
2163 1558 2300 1603 non
2359 1535 2693 1614 rescivit3
2753 1535 2938 1617 quod
2992 1536 3051 1598 si

1188 1638 1699 1703 denuntiatione
1746 1644 1981 1703 vestra
2031 1637 2404 1713 resciverit,
2453 1637 2515 1700 si
2565 1634 2794 1711 foedus
2851 1634 3048 1699 illici-

1188 1745 1335 1801 tum
1383 1756 1538 1801 cum
1572 1738 1724 1820 ipso
1763 1736 1874 1802 vel
1916 1737 2221 1819 quolibet
2260 1736 2397 1800 alio
2441 1735 2621 1812 iniit,
2658 1742 2731 1798 et
2763 1733 2889 1798 hoc
2935 1754 3048 1798 ec-

1190 1835 1415 1901 clesiae
1449 1837 1642 1919 regni
1678 1837 1787 1901 sui
1820 1835 2085 1920 judicio
2128 1835 2332 1900 simul
2363 1842 2435 1899 et
2464 1834 2752 1899 consilio
2796 1852 2869 1896 se
2894 1852 3045 1897 cor-

1191 1943 1532 1999 recturum
1589 1933 1947 2018 promittit.
2049 1934 2324 1999 Patrem
2381 1942 2692 1998 nostrum
2750 1932 3044 1997 Cantua-

1192 2034 1481 2098 riensem
1523 2034 2106 2117 archiepiscopum
2150 2053 2195 2099 a
2240 2054 2452 2116 regno
2498 2052 2627 2097 suo
2677 2052 2754 2098 se
2800 2051 3052 2114 nequa-

1194 2152 1403 2216 quam
1465 2133 1812 2217 expulisse
1872 2134 2143 2211 asserit,
2212 2133 2390 2197 unde
2463 2133 2646 2198 sicut
2705 2132 3055 2197 ultroneus

1200 2233 1504 2310 recessit,
1530 2232 1630 2298 sic
1661 2233 1751 2297 ad
1792 2233 2145 2298 ecclesiam
2180 2252 2401 2311 suam,
2438 2251 2593 2296 cum
2631 2232 2765 2296 sibi
2807 2230 3060 2295 sederit

1197 2332 1451 2410 animo,
1483 2332 1685 2415 plena
1720 2351 1890 2415 pace
1926 2333 2176 2398 reverti
2212 2333 2341 2397 sibi
2382 2331 2664 2396 liberum
2700 2332 2860 2409 erit,
2894 2330 3059 2394 dum

1199 2438 1427 2494 tamen
1460 2431 1532 2495 in
1568 2431 2048 2496 satisfaciendo
2092 2432 2222 2497 sibi
2258 2452 2465 2516 super
2496 2431 2623 2495 hiis
2664 2431 2846 2495 unde
2888 2449 3059 2493 con-

1199 2530 1532 2611 queritur,
1565 2531 1791 2613 regias
1832 2531 1986 2609 sibi,
2014 2532 2087 2595 in
2130 2550 2305 2614 quas
2345 2531 2609 2616 juratus
2644 2538 2772 2607 est,
2816 2528 3052 2610 digni-

1197 2635 1376 2692 tates
1405 2629 1572 2693 velit
1611 2631 1879 2713 integre
1915 2650 2362 2710 conservare;
2423 2631 2614 2712 siqua
2637 2648 2795 2693 vero
2827 2628 3050 2691 eccle-

1199 2727 1476 2792 siastica
1522 2748 1816 2811 persona
1845 2730 1956 2795 vel
1989 2730 2277 2795 ecclesia
2305 2731 2394 2795 ab
2424 2731 2573 2813 ipso
2600 2728 2708 2794 vel
2735 2747 2780 2793 a
2806 2728 2952 2791 suis
2974 2746 3054 2790 se

1199 2833 1558 2908 gravatam
1605 2828 2001 2908 ostenderit,
2061 2828 2512 2894 satisfactioni
2570 2828 2788 2912 plenae
2842 2826 3062 2890 totins

1200 2925 1505 2991 ecclesiae
1553 2926 1816 3011 judicio
1860 2936 2142 3012 paratus
2193 2929 2346 2995 erit.
2449 2928 2629 2993 Haec
2683 2947 2726 2992 a
2787 2927 3065 2992 domino

1204 3033 1439 3090 nostro
1477 3047 1635 3109 rege
1679 3027 1754 3091 in
1800 3029 2143 3111 responsis
2182 3028 2589 3113 accepimus,
2621 3029 2744 3110 qui
2789 3045 3064 3092 causam

1204 3143 1396 3190 suam
1452 3126 1815 3209 plurimum
1857 3128 1992 3193 sibi
2026 3128 2407 3213 justificare
2449 3128 2745 3206 videtur,
2793 3146 2949 3191 cum
2995 3127 3064 3190 in

1202 3224 1542 3301 omnibus,
1604 3243 1762 3308 quae
1825 3226 2009 3291 dicta
2071 3236 2257 3305 sunt,
2317 3229 2622 3292 ecclesiae
2695 3227 2899 3310 regni
2963 3225 3068 3289 sui

1192 3320 1454 3405 judicio
1515 3343 1590 3387 se
1650 3324 2030 3406 pariturum
2080 3327 2439 3408 promittit.
2568 3325 2772 3390 Unde
2820 3333 3066 3390 vestrae

1201 3420 1719 3505 supplicandum
1746 3423 2217 3488 existimamus
2246 3425 2696 3502 excellentiae,
2728 3432 3068 3506 quatenus

1201 3518 1371 3583 illud
1428 3540 1571 3603 prae
1631 3521 1848 3585 oculis
1904 3521 2233 3587 habentes
2280 3523 2615 3588 calamum
2665 3531 3060 3607 quassatum

1201 3636 1339 3680 non
1389 3626 1726 3697 conteres,
1773 3619 1987 3684 linum
2039 3621 2378 3704 fumigans
2442 3642 2579 3686 non
2639 3623 3060 3704 exstingues,

1200 3715 1418 3779 zelum
1449 3716 1641 3780 illum
1683 3726 2023 3798 sanctum,
2050 3722 2167 3804 qui
2197 3721 2285 3785 ad
2316 3720 2774 3786 ulciscendam
2801 3740 3061 3785 omnem

1200 3814 1505 3878 ecclesiae
1552 3815 1685 3880 Dei
1740 3817 2059 3901 injuriam
2110 3839 2477 3885 succensus
2519 3830 2651 3898 est,
2698 3821 2760 3884 si
2816 3820 3068 3903 placet,

1199 3912 1287 3977 ad
1343 3920 1608 3996 tempus
1667 3916 1850 3980 intra
1905 3918 2074 3983 fines
2125 3920 2474 3985 modestiae
2526 3919 2930 3997 cohibeatis,
2985 3939 3069 3982 ne

1199 4012 1310 4076 vel
1337 4013 1681 4101 interdicti
1710 4019 2144 4096 sententiam,
2179 4019 2290 4084 vel
2322 4019 2633 4085 ultimum
2676 4017 2848 4084 illud
2892 4038 3070 4102 prae-

1200 4111 1474 4175 cisionis
1507 4112 1804 4196 elogium
1844 4115 2271 4198 proferendo,
2314 4119 2633 4183 ecclesias
2676 4119 3069 4183 innumeras

1199 4212 1503 4275 subverti
1565 4212 1809 4278 misere
1868 4214 2179 4295 doleatis,
2228 4225 2300 4281 et
2360 4226 2499 4283 tam
2551 4237 2786 4300 regem
2843 4219 3067 4300 ipsum

1198 4328 1405 4391 quam
1449 4310 1840 4377 innumeros
1882 4333 2036 4378 cum
2068 4336 2150 4380 eo
2189 4317 2477 4399 populos
2516 4338 2559 4381 a
2585 4324 2844 4394 vestra,
2883 4315 3071 4399 quod

1199 4409 1404 4487 absit,
1454 4410 1841 4476 obedientia
1884 4413 2420 4481 irrevocabiliter
2463 4417 2792 4481 avertatis
2825 4437 2844 4495 3
2910 4435 3077 4478 san-

1196 4510 1351 4588 guis
1403 4512 1630 4592 regius
1676 4519 1820 4575 tum
1873 4532 1947 4576 sc
1991 4515 2259 4579 demum
2304 4516 2636 4598 permittit
2685 4516 2872 4580 vinci
2912 4534 3076 4580 cum
