3457 5887
1207 855 1333 920 114
1698 875 1964 926 uocum
2012 877 2104 924 ns
2148 875 2556 924 wsunovnn

883 1043 1126 1142 ssi⁰m¹⁰⁹0⁸i
1205 1027 1295 1093 do
1326 1028 1539 1094 frater
1570 1030 1746 1114 ejus,
1774 1031 2205 1107 Lambertus,
2236 1037 2305 1096 et
2341 1024 2495 1095 ¹alii
2521 1030 2719 1094 multi
2747 1047 2902 1093 cum
2927 1028 3059 1106 eis;

885 1143 1180 1185 thecna-ad·-
1208 1128 1349 1206 alii,
1374 1129 1459 1193 de
1490 1130 1941 1200 subventione
1975 1131 2441 1213 desperantes,
2471 1130 2557 1194 ad
2593 1128 2825 1195 hostes
2852 1128 3064 1192 crucis

1207 1247 1283 1292 se
1326 1230 1788 1308 contulerunt,
1832 1230 2089 1302 Christi
2138 1229 2365 1304 fidem,
2403 1228 2567 1293 sacti
2609 1228 2828 1310 impii,
2873 1227 3069 1293 dene-

1207 1335 1473 1408 grantes.
1598 1330 1819 1394 Erant
1849 1337 1920 1395 et
1965 1330 2084 1394 alii
2125 1329 2323 1393 multi
2355 1330 2473 1412 qui
2506 1328 2743 1408 fugam
2787 1325 3067 1391 medita-

1206 1427 1458 1492 bantur
1488 1428 1802 1505 sollicite,
1837 1429 1959 1493 sed
1992 1448 2115 1512 per
2144 1430 2536 1511 episcopum
2566 1426 2974 1490 Podiensem
3004 1433 3070 1490 et

1206 1525 1445 1591 ducem
1479 1527 1954 1593 Boamundum
1995 1529 2272 1592 fuerunt
2300 1528 2624 1604 revocati,
2657 1533 2753 1602 et,
2782 1525 2968 1607 quod
2993 1525 3072 1590 do

1207 1628 1484 1707 negotio
1526 1626 1786 1692 Christi
1821 1648 1957 1696 non
2001 1627 2416 1704 recederent,
2448 1647 2572 1710 per
2604 1625 3071 1710 juramentum

1206 1727 1583 1803 constricti,
1619 1746 1976 1811 quousque
2006 1727 2262 1792 bellum
2302 1727 2486 1809 quod
2514 1726 2824 1789 futurum
2850 1743 3074 1806 spera-

1206 1823 1411 1888 batur
1462 1835 1643 1891 esset
1678 1826 2113 1909 completum.
2236 1826 2483 1890 Fames
2524 1833 2864 1907 praeterea
2906 1823 3071 1888 adeo

1203 1923 1275 1986 in
1327 1925 1607 1990 civitate
1660 1944 1897 1990 omnes
1952 1925 2222 2003 afflixit,
2267 1933 2348 1990 ut
2401 1944 2544 2009 prae
2595 1925 3072 1988 alimentorum

1207 2021 1474 2088 defectu
1503 2025 1697 2106 plebs
1720 2025 1808 2091 ad
1831 2027 2064 2107 turpia
2093 2025 2293 2091 nimis
2321 2024 2750 2089 incommoda
2772 2022 3073 2087 declina-

1207 2129 1352 2200 ποις
1404 2124 1661 2205 gallina
1695 2125 1934 2189 solidis
1972 2124 2355 2209 quindecim
2394 2124 2837 2199 vendebatur,
2870 2141 3073 2186 ovum

1208 2221 1446 2286 solidis
1488 2224 1777 2301 duobus,
1820 2244 1967 2288 nux
2011 2245 2135 2306 pro
2168 2225 2479 2302 denari03
2499 2224 2846 2286 -arborum
2889 2222 3075 2298 folia,

1209 2320 1522 2399 carduos,
1552 2343 1882 2405 equorum
1912 2331 1982 2388 et
2010 2324 2354 2388 asinorum
2380 2325 2587 2399 coria,
2610 2322 3074 2398 devorabant3

1209 2422 1570 2485 morticina
1612 2442 1882 2506 quoque
1913 2431 1984 2486 et
2026 2443 2265 2487 carnes
2314 2423 2674 2498 mulorum,
2720 2440 3074 2505 equorum,

1208 2518 1579 2598 asinorum,
1612 2540 1881 2599 canum,
1914 2529 1982 2586 et
2012 2523 2359 2587 immunda
2393 2541 2664 2605 quoque
2707 2521 3077 2584 absorben-

1209 2625 1339 2694 tes,
1365 2638 1490 2702 pro
1525 2622 1806 2684 summis
1835 2621 2093 2685 deliciis
2122 2615 2551 2704 reputaban't.
2643 2621 2813 2684 Erat
2846 2625 3073 2684 autem

1209 2717 1593 2784 miserabile
1634 2721 1812 2797 visu,
1852 2722 2062 2799 viroS,
2105 2723 2297 2803 prius
2334 2723 2650 2785 robustos
2694 2728 2765 2784 et
2805 2719 3076 2800 generis

1214 2816 1568 2883 nobilitate
1619 2820 2010 2901 praeclaros,
2054 2841 2196 2904 prae
2259 2822 2470 2884 nimia
2518 2827 2683 2884 tunc
2726 2818 3080 2884 debilitate

1213 2914 1475 2982 baculis
1531 2919 1807 2985 innixos
1862 2928 1935 2985 et
1976 2940 2166 2985 arma
2228 2940 2502 2986 movere
2566 2939 2702 2985 non
2744 2918 3075 2983 valentes.

1213 3013 1604 3084 willelmus
1666 3021 1933 3085 interea
1992 3020 2075 3084 de
2127 3020 2622 3096 Grantemenil,
2667 3026 2738 3084 et
2786 3018 3074 3101 Stepha-

1216 3134 1344 3178 nus
1395 3116 1916 3183 Carnotensium
1973 3139 2221 3197 comes,
2268 3128 2337 3184 et
2380 3119 2499 3183 alii
2540 3120 2661 3201 qui
2710 3138 2866 3183 cum
2910 3119 3080 3199 ipsis

1216 3215 1651 3297 aufugerant,
1692 3220 1999 3284 miserias
2042 3238 2213 3302 quas
2256 3219 2440 3301 apud
2473 3217 2907 3283 Antiochiam
2955 3236 3079 3299 pa-

1216 3315 1561 3381 tiebantur
1611 3317 1985 3384 Christiani
2048 3319 2358 3384 omnibus
2416 3325 2795 3400 exponunt,
2844 3324 2937 3393 et,
2993 3336 3082 3380 ne

1215 3413 1348 3494 ipsi
1392 3416 1479 3478 ob
1521 3417 1739 3482 levem
1784 3437 2060 3482 causam
2108 3427 2177 3483 et
2223 3426 2546 3500 tanquam
2592 3417 2812 3483 timidi
2854 3417 3078 3480 socios

1217 3512 1594 3580 deseruisse
1643 3516 2056 3594 viderentur,
2115 3517 2543 3582 afflictionem
2605 3537 2864 3593 eorum,
2916 3515 3079 3579 licet

1217 3612 1764 3695 incomparabilis
1806 3615 2070 3693 fuisset,
2114 3616 2422 3681 studiosa
2473 3625 2704 3681 tamen
2750 3615 3083 3680 relatione

1219 3709 1515 3777 efficiunt
1563 3714 1914 3796 majorem,
1977 3735 2131 3780 cum
2190 3716 2274 3780 de
2334 3716 2602 3797 magnis
2661 3715 2928 3797 majora
2975 3714 3082 3779 lo-

1219 3818 1545 3891 quuntur.
1667 3812 2039 3879 Venientes
2092 3816 2367 3880 tandem
2427 3816 2517 3880 ad
2575 3815 3082 3898 imperatorem,

1218 3909 1338 3990 qui
1397 3930 1550 3975 cum
1605 3912 2066 3995 quadraginta
2122 3915 2422 3979 millibus
2479 3914 2904 3990 Latinorum,
2951 3933 3076 3977 ex-

1218 4010 1434 4090 ceptis
1477 4013 1691 4094 copiis
1736 4032 1907 4095 quas
1955 4034 2044 4078 ex
2089 4016 2480 4079 nationibus
2532 4014 2870 4078 universis
2914 4032 3077 4076 con-

1215 4115 1547 4189 traxerat,
1593 4111 2032 4177 Antiochiam
2077 4114 2515 4198 proficiscens
2556 4116 2808 4179 nostris
2851 4111 3075 4177 subsi-

1212 4207 1398 4272 dium
1438 4211 1838 4289 collaturuS,
1879 4212 1982 4277 illi
2025 4213 2494 4279 dissuaserunt
2536 4235 2622 4278 ne
2656 4212 3078 4296 procederet,

1282 4458 1447 4511 ¹Alii.
1472 4462 1557 4533 ]‘
1582 4461 1688 4510 Alii
1719 4461 1883 4522 multi,
1917 4475 2123 4523 quorum
2170 4466 2286 4510 sunt
2320 4458 2617 4513 inserenda?
2683 4463 2822 4511 Will.
2866 4463 2988 4524 Tyr.
3023 4479 3075 4526 p.

1211 4531 1410 4581 nomina
1421 4548 1518 4582 non
1530 4537 1786 4591 tenemns;
1809 4531 1948 4593 quia,
1960 4530 2126 4580 deleta
2172 4535 2284 4581 715

1209 4591 1421 4651 delabro
1442 4603 1581 4663 vitre,
1601 4603 1836 4664 praesenti
1856 4601 1995 4662 operi
2027 4615 2123 4650 non
