3457 5887
927 827 1205 877 rmnns
1250 826 1783 877 msrolunnuu.
2159 815 2288 879 199

403 985 582 1050 berti
643 986 877 1051 fratris
921 987 1107 1068 regis
1158 985 1467 1062 Henrici,
1526 984 1675 1068 ipse
1730 1003 1895 1048 vero
1955 1003 2081 1048 rex
2129 1004 2282 1050 cum
2306 1002 2548 1094 &31⁶¹ssst

402 1087 679 1150 viribus
711 1087 1033 1150 maximis
1075 1093 1226 1150 erat
1266 1086 1338 1148 in
1381 1083 1692 1167 sequenti
1732 1083 2004 1166 agmine
2032 1086 2287 1150 consti-
2308 1103 2534 1145 eman..

404 1192 644 1264 tutus3
689 1205 815 1249 rex
843 1205 1009 1251 vero
1038 1183 1420 1266 Anglorum
1453 1182 1824 1261 Henricus,
1852 1183 2072 1246 tribus
2104 1185 2284 1249 acie-

401 1285 536 1348 bus
594 1283 973 1366 dispositis,
1037 1284 1109 1347 in
1167 1283 1387 1367 prima
1452 1301 1771 1365 proceres
1837 1281 2285 1349 Normanniae

404 1383 796 1461 collocavit,
865 1384 940 1447 in
1008 1382 1312 1447 secunda
1373 1383 1522 1464 ipse
1578 1401 1706 1445 rex
1775 1400 1932 1445 cum
2004 1382 2285 1464 propria

399 1481 709 1547 residens
753 1482 1036 1560 familia,
1089 1482 1165 1545 in
1219 1482 1428 1546 tertia
1475 1481 1653 1545 filios
1695 1500 1859 1545 suos
1900 1499 2055 1546 cum
2096 1500 2284 1546 sum·

397 1581 533 1645 mis
586 1582 846 1646 viribus
907 1581 1173 1665 pedites
1232 1581 1599 1645 ordinavit.
1703 1579 2288 1645 Concurrentibus

396 1680 803 1763 igiturhinc
844 1679 1003 1746 inde
1033 1680 1356 1759 catervis,
1391 1680 1613 1763 prima
1647 1678 2067 1744 Francorum
2098 1681 2283 1745 acies

396 1799 719 1862 proceres
756 1780 1314 1845 Normannorum
1354 1787 1746 1862 penetrans,
1790 1780 1880 1842 ab
1921 1779 2116 1861 equis
2161 1799 2280 1844 eos

395 1879 777 1963 depellens,
829 1881 1191 1963 dispersit3
1256 1879 1502 1944 deinde
1542 1879 1614 1942 in
1673 1879 1916 1956 aciem,
1988 1879 2099 1942 cui
2151 1898 2277 1943 rex

400 1978 757 2043 Henricus
786 1986 1105 2062 praeerat,
1126 1998 1512 2061 erumpens,
1544 1979 1768 2061 ipsam
1796 1978 2003 2042 etiam
2032 1985 2276 2060 poten·

406 2086 516 2142 ter
548 2079 934 2161 dissipavit,
966 2078 1089 2142 sed
1119 2097 1243 2142 rex
1274 2075 1682 2160 Anglorum,
1717 2076 2103 2159 agminibus
2131 2079 2277 2142 suis

405 2185 725 2260 potenter
749 2177 1117 2255 resarcitis,
1135 2176 1560 2259 [respiravit]
1583 2197 1602 2257 ;
1648 2177 1727 2240 fit
1747 2175 2104 2241 conflictus
2127 2196 2278 2258 gra-

408 2276 753 2355 vissimus,
785 2277 1345 2341 concurrentibus
1382 2276 1539 2340 hinc
1569 2274 1731 2339 inde
1760 2275 2109 2356 regalibus
2139 2283 2282 2339 tur-

412 2377 564 2454 mis,
582 2375 799 2441 bastae
816 2376 1363 2459 confringuntur,
1381 2382 1620 2440 mutuo
1636 2374 1887 2457 gladiis
1902 2393 2015 2438 res
2031 2374 2280 2456 agitur.

409 2475 794 2541 Willelmus
841 2475 1225 2559 Crispinus,
1279 2475 1518 2540 consul
1558 2473 2015 2550 Ebroicensis,
2059 2493 2283 2556 quem,

408 2574 626 2658 culpis
669 2576 815 2639 suis
858 2575 1319 2656 exigentibus,
1348 2575 1557 2658 paulo
1586 2580 1748 2637 ante
1778 2593 1903 2637 rex
1938 2572 2284 2638 Henricus

408 2674 833 2752 exulaverat,
853 2683 1064 2758 eaput
1084 2674 1392 2759 ejusdem
1409 2674 1591 2756 regis
1614 2672 1849 2755 gladio
1868 2672 1976 2735 bis
2005 2691 2283 2754 percus·

404 2775 536 2853 sit3
582 2782 653 2838 et
681 2774 847 2839 lieet
878 2774 1095 2839 lorica
1114 2780 1187 2838 et
1217 2773 1421 2855 galea
1444 2779 1675 2837 essent
1702 2771 2281 2855 impenetrabiles,

408 2873 663 2937 ictuum
710 2879 943 2938 tamen
1003 2872 1304 2958 pondere
1360 2873 1577 2937 lorica
1629 2872 1786 2956 ipsa
1840 2871 2052 2954 capiti
2101 2872 2282 2954 regis

410 2973 665 3037 inserta
717 2981 846 3051 est,
887 2974 989 3038 ita
1037 2980 1118 3038 ut
1163 2973 1448 3055 sanguis
1490 2979 1876 3055 erumperet
1924 2970 2281 3035 abundan-

417 3079 567 3152 ter3
631 3092 756 3137 rex
804 3092 967 3138 vero
1017 3073 1258 3137 laesum
1308 3092 1385 3137 se
1427 3072 1731 3136 sentiens
1785 3071 1891 3135 ira
1933 3070 2284 3135 incanduit

412 3170 817 3248 vehementi,
872 3178 943 3237 et
994 3191 1465 3256 percussorem
1512 3190 1715 3235 suum
1767 3171 1869 3235 ita
1917 3171 2283 3251 percussit,

406 3271 592 3352 quod
619 3291 868 3354 equum
911 3278 981 3336 et
1006 3273 1305 3354 equitem
1349 3290 1488 3335 uno
1529 3270 1673 3334 ictu
1716 3268 1790 3333 in
1834 3276 2086 3334 terram
2125 3288 2282 3352 pro-

402 3370 682 3448 stravit,
722 3377 795 3435 et
835 3390 998 3436 mox
1043 3377 1206 3436 ante
1248 3370 1458 3454 pedes
1500 3369 1728 3451 regios
1771 3376 2017 3451 captus
2062 3375 2169 3432 est
2212 3374 2282 3432 et

398 3469 695 3533 vinculis
753 3471 1207 3554 mancipatuS.
1306 3469 1505 3533 Tunc
1559 3469 1744 3533 acies
1799 3466 2157 3550 pedestris,
2205 3467 2277 3529 in

399 3587 547 3651 qua
592 3568 718 3633 filii
760 3570 945 3651 regis
988 3577 1207 3648 erant,
1255 3588 1410 3651 quae
1451 3569 1718 3633 intacta
1763 3567 1986 3631 adhue
2030 3565 2279 3644 fuerat,

397 3668 658 3733 lanceis
685 3668 1056 3746 inclinatis,
1090 3689 1181 3734 ex
1219 3669 1509 3732 adverso
1551 3667 1866 3750 prorupit
1906 3667 1979 3730 in
2019 3664 2278 3743 hostes,

399 3787 562 3831 cum
609 3768 871 3852 impetu
932 3768 1107 3833 adeo
1167 3768 1576 3852 ponderoso,
1631 3766 1815 3849 quod
1875 3763 2279 3845 Galligenas

399 3867 587 3932 acies
635 3887 873 3932 omnes
920 3868 1148 3950 coegit
1199 3868 1273 3931 in
1321 3866 1559 3948 fugam
1592 3886 1610 3945 ;
1659 3873 1737 3929 at
1778 3864 1880 3928 illi
1918 3864 2149 3928 subito
2193 3862 2279 3926 li·

400 3967 730 4049 quefacti,
775 3974 974 4050 terga
1012 3966 1474 4043 ostendentes,
1511 3965 1660 4048 regi
1708 3962 2017 4028 Henrico
2062 3962 2280 4026 victo-

399 4067 577 4129 riam
630 4065 1139 4144 concesserunt,
1187 4066 1308 4149 qui
1359 4072 1677 4148 potenter
1718 4066 1794 4128 in
1835 4081 2080 4145 campo
2121 4079 2281 4143 per-

397 4165 586 4230 stitit
636 4166 852 4231 donec
898 4166 1265 4250 optimates
1301 4163 1625 4241 hostium,
1658 4183 1823 4245 rege
1858 4162 2280 4226 Francorum

398 4263 734 4345 fugiente,
791 4266 978 4349 capti
1024 4271 1187 4330 sunt
1235 4271 1306 4329 et
1365 4263 1512 4345 regi
1564 4263 1810 4327 victori
1855 4259 2277 4344 praesentati.

404 4361 654 4428 Comes
686 4384 852 4429 vero
892 4364 1336 4429 Flandrensis
1382 4361 1728 4427 lethaliter
1761 4361 2161 4427 vulneratus
2195 4355 2280 4420 ad

405 4482 534 4527 sua
566 4472 672 4529 est
701 4464 774 4528 in
802 4465 1048 4530 lectica
1080 4462 1440 4529 adductus.
1546 4462 1704 4526 Rex
1731 4480 1896 4527 vero
1935 4456 2282 4525 Henricus
