3457 5887
800 824 827 839 κ
892 808 1162 858 rmmzs
1207 807 1737 859 mss-omnum.
2127 792 2253 858 149

376 971 446 1028 et
491 983 536 1028 a
571 965 867 1030 sinistris
919 964 1253 1043 comitari,
1301 983 1426 1029 nec
1474 964 1616 1028 ulla
1665 983 1872 1048 posse
1923 965 2251 1050 violentia
2272 980 2383 1022 A-n-
2404 980 2516 1020 που·

375 1065 784 1147 praepediri3
849 1065 1029 1148 quod
1087 1064 1316 1128 hostes
1377 1064 1638 1127 eminus
1689 1063 2057 1141 intuentes,
2119 1066 2246 1129 sub
2268 1030 2571 1122 til-“graffiu-

376 1163 719 1227 solaribus
741 1165 948 1228 radiis
976 1164 1312 1227 hebetatis
1332 1162 1723 1241 luminibus,
1751 1170 1912 1226 ante
1933 1163 2246 1245 praelium

379 1262 627 1326 animis
678 1263 1139 1340 conciderunt,
1202 1261 1553 1326 credentes
1608 1262 2030 1326 innumeram
2097 1282 2247 1327 esse

377 1361 878 1425 multitudinem
914 1368 1353 1436 armatorum,
1395 1361 1707 1442 quamvis
1734 1367 1804 1423 et
1834 1360 2005 1443 ipsis
2028 1362 2252 1427 multa

379 1460 695 1524 militaris
726 1460 923 1543 copia
946 1480 1082 1524 non
1113 1460 1403 1524 deesset.
1477 1457 1721 1523 Comes
1754 1479 2027 1542 quoque
2061 1460 2246 1525 Nor-

379 1577 781 1623 mannorum
838 1560 1206 1636 RobertuS,
1268 1557 1387 1641 qui
1437 1556 1577 1621 dux
1641 1566 1791 1623 erat
1843 1566 1914 1623 et
1966 1558 2249 1641 signifer

381 1659 703 1735 acierum,
758 1678 884 1740 pro
930 1679 1003 1722 re
1051 1658 1222 1721 bene
1263 1663 1461 1739 gesta
1498 1675 1682 1739 soepe
1725 1657 2074 1736 dicenduS,
2100 1657 2247 1723 Ad-

381 1757 687 1821 miravisi
706 1757 1147 1821 standardum
1171 1775 1216 1820 a
1234 1755 1438 1837 longe
1458 1756 1918 1834 considerans,
1940 1751 2154 1840 ¹quod
2174 1757 2246 1821 in

382 1857 772 1920 summitate
805 1856 1023 1921 hastae
1053 1874 1327 1938 pomum
1369 1854 1663 1918 habebat
1695 1873 2002 1933 aureum,
2045 1856 2249 1921 hasta

380 1974 545 2018 vero
602 1963 888 2038 argento
951 1961 1274 2037 cooperta
1319 1952 1683 2029 albicabat,
1732 1955 1957 2037 ipsum
2007 1954 2245 2037 depre-

379 2053 688 2117 hendens
738 2054 833 2118 ibi
880 2073 1053 2131 esse,
1104 2063 1175 2117 et
1225 2050 1548 2116 audacter
1591 2071 1712 2133 per
1754 2053 2012 2116 medias
2064 2056 2248 2118 acies

383 2172 593 2234 super
630 2172 783 2215 eum
825 2152 1114 2228 irruens,
1151 2150 1239 2216 ad
1282 2157 1569 2214 mortem
1600 2151 1905 2232 graviter
1930 2153 2247 2217 vulnera-

389 2252 537 2330 vit3
582 2251 762 2333 quod
812 2250 1069 2316 factum
1115 2269 1251 2314 non
1295 2248 1699 2313 mediocrem
1740 2249 2107 2332 gentilibus
2143 2252 2249 2315 in-

387 2350 605 2414 cussit
636 2350 970 2416 timorem.

379 2520 480 2586 De
498 2519 771 2607 phmtu
803 2521 1202 2588 Admiravisi
1243 2530 1300 2586 ot
1349 2521 1617 2587 victoria
1666 2521 2168 2587 consummatione
2200 2530 2257 2587 et

1030 2620 1243 2707 spoliis
1268 2621 1617 2706 rspertatis.

482 2738 1001 2809 Admiravisus²
1045 2752 1275 2809 autem
1315 2744 1442 2809 vix
1487 2743 1861 2828 palpitans,
1914 2743 2259 2808 lethaliter

386 2843 818 2921 vulneratus,
870 2844 1009 2907 alte
1057 2844 1391 2925 ingemuit
1448 2850 1519 2907 et
1580 2842 1969 2927 hujusmodi
2022 2843 2257 2924 planc-

391 2950 540 3006 tum
576 2943 826 3019 emisit,
868 2948 889 2977 ‘
912 2942 973 3007 Ο
1016 2942 1318 3007 omnium
1367 2941 1677 3020 Creator,
1722 2942 1886 3025 quid
1925 2940 2054 3007 hoc
2104 2945 2256 3006 est'l

395 3041 586 3121 Quid
634 3040 927 3106 accidit?
1031 3040 1232 3121 Quod
1276 3042 1489 3105 satum
1524 3042 1720 3106 nobis
1770 3041 2091 3105 infestum
2140 3061 2259 3105 no·

393 3142 587 3205 cuit?
663 3140 828 3204 Heu
864 3140 1052 3218 mihi,
1087 3159 1290 3223 quam
1323 3140 1661 3206 ineffabile
1698 3139 2016 3217 dedecus,
2056 3159 2260 3222 quam

390 3240 795 3303 diuturnum
848 3240 1325 3322 improperium
1380 3240 1570 3321 genti
1625 3246 1878 3303 nostrae
1931 3240 2258 3321 contigit!

390 3336 590 3401 Gens
627 3339 899 3415 misera,
936 3356 1105 3420 gens
1152 3338 1442 3414 modica,
1486 3356 1654 3420 gens
1708 3336 2021 3401 mendica
2073 3338 2259 3420 genti

384 3444 649 3501 nostrae
712 3437 1096 3520 praevaluit.
1200 3436 1403 3500 Unde
1459 3436 1606 3500 haec
1632 3439 1663 3501 ’ἱ
1766 3435 2260 3513 Conventione,

385 3535 567 3619 proh
613 3536 844 3600 dolor!
890 3535 1098 3613 facta,
1148 3536 1404 3600 adduxi
1455 3536 1587 3599 huc
1636 3536 1928 3600 militum
1969 3536 2262 3600 ducenta

385 3636 634 3711 millia,
686 3642 757 3700 et
802 3635 1106 3717 peditum
1158 3654 1444 3717 quorum
1497 3635 1865 3699 multitudo
1907 3655 2261 3699 numerum

386 3734 693 3811 excedit,
756 3752 929 3815 quos
996 3732 1127 3797 toti
1179 3735 1434 3798 mundo
1498 3735 1977 3816 praevalituros
2033 3734 2265 3799 crede-

387 3835 556 3898 bam
580 3854 598 3912 ;
634 3852 817 3896 nunc
844 3839 1097 3909 autem,
1128 3838 1203 3895 ut
1233 3851 1369 3896 non
1399 3833 1713 3909 mentiar,
1740 3851 1785 3896 a
1807 3833 2029 3896 minus
2057 3852 2263 3915 quam

389 3932 587 3996 mille
638 3931 967 3995 militibus
1017 3938 1089 3994 et
1131 3930 1372 4012 paucis
1426 3930 1733 4012 peditum
1774 3931 2074 3995 millibus
2123 3939 2265 3995 tam

386 4031 792 4095 indecenter
833 4036 996 4093 sunt
1039 4028 1364 4111 superati.
1485 4027 1632 4093 Aut
1668 4030 1906 4111 procul
1942 4029 2148 4093 dubio
2185 4029 2268 4093 il-

404 4280 407 4281 ν
436 4254 456 4286 ¹
477 4253 687 4310 Quodis
700 4246 1015 4320 sumitate-J
1036 4248 1334 4302 ordericus²
1359 4257 1488 4313 765;
1535 4268 1768 4315 compare
1810 4253 1896 4303 the
1940 4254 2044 4303 first
2085 4269 2273 4315 anony-

390 4325 606 4384 Vitalis,
625 4325 742 4372 Act.
767 4323 1005 4371 Norman.
1028 4338 1082 4384 p.
1104 4326 1218 4371 758.
1360 4338 1500 4372 mous
1521 4324 1692 4372 writer
1712 4324 1765 4371 in
1783 4322 1867 4372 the
1881 4323 2040 4373 Gesta
2059 4325 2159 4374 Dei
2181 4339 2272 4385 per

465 4391 490 4424 ²
510 4392 903 4454 Adnuit-wisa]
948 4392 1056 4441 The
1102 4395 1315 4441 account
1359 4392 1595 4457 Francos,
1627 4408 1679 4454 p.
1711 4396 1798 4454 29,
1827 4393 1928 4442 and
1966 4393 2189 4455 Badrin,
2218 4407 2273 4454 p.

394 4462 664 4525 following
700 4474 913 4523 appears
942 4466 994 4511 to
1031 4461 1157 4510 have
1188 4462 1316 4509 been
1366 4465 1477 4513 1³8.

398 4532 562 4581 taken
592 4531 719 4581 from
755 4530 1027 4580 ordericus
1046 4531 1249 4593 vitalis,
1265 4545 1317 4591 p.
