3457 5887
1160 822 1292 886 326
1672 835 1806 881 noc
1817 833 1935 881 mu
1984 832 2077 879 nn
2123 829 2532 879 wssunovssn

850 1013 1089 1105 affigas.
1166 1011 1291 1058 nos
1338 992 1468 1075 ipsi
1517 989 1585 1054 id
1641 1010 1779 1055 non
1829 989 2204 1072 poterimus
2260 987 2515 1052 diutius
2568 986 2642 1048 in
2701 984 3039 1067 patientia

852 1114 1069 1154 ornaret
1167 1093 1542 1169 sustinere;
1593 1109 1719 1155 nec
1775 1090 1913 1153 ista
1964 1109 2090 1171 pro
2142 1087 2341 1152 nobis
2397 1091 2733 1168 quantum
2776 1104 2897 1166 pro
2946 1104 3038 1147 eo

852 1165 1105 1205 ”dmm
1168 1191 1633 1276 proponimu3‚
1679 1190 1877 1273 cujus
1919 1188 2207 1270 gloriam
2245 1194 2317 1250 et
2357 1186 2687 1249 honorem
2730 1185 2896 1248 totis
2938 1184 3049 1246 af-

1169 1292 1458 1355 fectibus
1492 1288 1948 1371 exoptamus!

1173 1464 1563 1550 Rescriptum
1599 1462 1864 1549 episcopi
1896 1459 2334 1525 Londoniemis
2367 1456 2663 1523 Giloberts‘
2690 1457 2784 1523 ad
2808 1478 3051 1543 papam

1494 1561 1946 1639 Alexandrum,
1974 1560 2162 1624 wionis
2175 1567 2744 1647 presumptuoeum.

863 1697 954 1736 ‘rue
970 1692 1150 1744 monor·-
1276 1692 1296 1721 ‘
1326 1679 1763 1750 Mandatum¹
1796 1691 2126 1762 vestrum,
2159 1690 2357 1766 pater
2402 1683 2474 1747 in
2525 1680 2807 1745 Christo
2843 1679 3052 1744 caris-

865 1756 1036 1786 mw'
1177 1786 1371 1861 sime,
1402 1785 1635 1849 debita
1649 1783 2093 1849 veneratione
2122 1782 2598 1865 suscipientes,
2626 1780 2806 1844 illico
2833 1780 3043 1843 filium

1178 1891 1481 1955 vestrum
1522 1884 1950 1948 carissimum
2003 1882 2333 1947 illustrem
2381 1879 2765 1962 Anglorum
2818 1899 3040 1961 regem

1181 1983 1543 2061 adivimus,
1604 1989 1699 2059 et,
1767 1982 2092 2067 adjuncto
2157 1981 2352 2045 nobis
2411 1979 2785 2044 venerabili
2836 1980 3043 2043 fratre

1184 2090 1420 2148 nostro
1479 2083 1572 2147 R.
1619 2080 2115 2146 Herefordensi
2172 2079 2520 2164 episcopo,
2580 2079 2797 2162 juxta
2842 2079 3050 2142 vestri

1184 2181 1471 2246 formam
1514 2181 1820 2245 mandati
1851 2180 2214 2262 diligenter
2243 2179 2685 2243 convenimus
2711 2198 2730 2257 ;
2775 2178 2887 2242 cui
2919 2179 3055 2241 sin·-

1188 2280 1377 2363 gula,
1395 2300 1551 2362 quae
1580 2281 1828 2344 vestris
1858 2280 2055 2344 nobis
2085 2296 2416 2361 expressa
2443 2285 2605 2341 sunt
2636 2278 2881 2357 literis,
2901 2285 3058 2342 ante

1190 2380 1426 2446 oculos
1464 2386 1820 2463 ponente&
1856 2379 2081 2462 ipsum
2120 2378 2562 2455 obsecrando,
2595 2384 2688 2454 et,
2717 2385 3057 2460 quantum

1190 2478 1449 2561 regiam
1480 2480 1767 2543 decebat
1794 2478 2247 2561 majestatem,
2268 2476 2631 2559 arguendo,
2653 2484 3062 2540 constanter

1192 2586 1263 2642 et
1308 2577 1646 2641 instanter
1694 2578 1952 2642 hortati
1997 2596 2258 2653 sumus,
2299 2584 2380 2640 ut
2425 2576 2547 2639 sibi
2591 2575 3047 2651 satisfaceret,

1195 2683 1287 2752 et,
1308 2676 1369 2738 si
1400 2693 1444 2738 a
1472 2676 1762 2740 rationis
1792 2677 2068 2741 tramite
2096 2676 2519 2752 deviaverat,
2546 2675 2629 2738 ad
2647 2675 2829 2738 viam
2861 2675 3048 2738 veri-

1193 2775 1356 2838 tatis
1399 2781 1471 2837 et
1508 2775 1805 2858 justitiae
1846 2775 2065 2838 redire
2095 2783 2330 2838 nostra
2369 2794 2495 2856 per
2531 2793 2653 2837 nos
2691 2781 3060 2837 revocatus

1195 2873 1657 2938 admonitione
1688 2894 1825 2938 non
1857 2873 2185 2951 tardaret,
2218 2883 2287 2937 et
2318 2880 2399 2937 ut
2439 2892 2485 2937 a
2515 2879 2708 2956 patre
2730 2873 2843 2955 pie
2875 2891 3065 2936 com-

1196 2974 1493 3040 monitus
1512 2993 1556 3037 a
1580 2975 1812 3055 pravis
1841 2974 2107 3038 actibus
2136 2974 2415 3038 omnino
2445 2972 2824 3050 desisteret,
2846 2973 3068 3038 Deum

1196 3092 1371 3155 puro
1413 3072 1615 3137 corde
1644 3072 1980 3155 diligeret,
2017 3080 2306 3137 matrem
2339 3091 2535 3136 suam
2578 3080 2892 3136 sanctam
2930 3071 3073 3136 Ro-

1200 3190 1472 3236 manam
1525 3171 1880 3236 ecclesiam
1947 3172 2151 3236 solita
2195 3171 2629 3236 veneratione
2681 3173 3073 3255 respiceret,

1202 3290 1327 3335 nec
1401 3290 1552 3334 eam
1623 3271 1905 3335 visitare
1972 3271 2281 3335 volentes
2342 3270 2702 3348 inhiberet,
2766 3271 3072 3354 appella-

1206 3369 1428 3434 tiones
1472 3369 1557 3433 ad
1606 3389 1758 3433 eam
1800 3369 2020 3434 factas
2062 3389 2204 3434 non
2247 3370 2630 3453 impediret,
2680 3377 2754 3434 et
2804 3378 3074 3452 patrem

1207 3475 1517 3532 nostrum
1590 3468 1938 3533 dominum
2006 3468 2568 3534 Cantuariensem
2622 3469 3076 3554 archiepisco-

1206 3586 1368 3648 pum
1402 3568 1692 3649 benigne
1721 3586 2051 3632 revocans
2090 3576 2161 3632 et
2200 3569 2528 3633 reducens
2566 3569 2638 3632 in
2671 3569 2858 3633 beati
2888 3569 3071 3633 Petri

1209 3673 1280 3728 et
1310 3675 1543 3730 vestra
1586 3668 1972 3732 reverentia
2013 3667 2247 3731 firmus
2286 3668 2788 3751 immobilisque
2828 3670 3070 3751 persis·

1213 3770 1412 3840 teret,
1456 3772 1527 3828 et
1570 3765 1868 3847 pietatis
1893 3767 2250 3832 intendens
2293 3768 2611 3850 operibus
2651 3767 2976 3832 ecclesias
3006 3776 3075 3831 et

1214 3863 1714 3928 ecclesiasticas
1750 3885 2078 3948 personas
2111 3886 2247 3931 non
2275 3874 2621 3948 gravaret,
2666 3886 2794 3930 nec
2837 3887 2963 3949 per
3005 3888 3076 3931 se

1214 3981 1339 4025 nec
1384 3982 1508 4044 per
1554 3962 1765 4026 alium
1820 3967 2096 4046 gravari
2148 3967 2589 4050 permitteret,
2632 3974 2714 4030 ut
2759 3965 2918 4044 Ille,
2959 3986 3076 4050 per

1213 4080 1412 4143 quem
1444 4081 1639 4143 reges
1666 4072 1980 4145 regnant,
2015 4065 2388 4148 temporale
2426 4067 2556 4130 sibi
2594 4085 2886 4147 regnum
2920 4087 3075 4130 con-

1214 4168 1520 4225 servaret
1567 4162 1641 4225 in
1695 4164 1896 4227 terris
1940 4171 2011 4228 et
2059 4172 2389 4229 aeternum
2423 4165 2553 4229 sibi
2600 4165 2969 4247 largiretur
3007 4167 3076 4229 in

1215 4258 1451 4340 caelis3
1516 4260 1844 4344 alioquin,
1899 4262 1960 4326 si
2017 4264 2294 4329 monitis
2340 4265 2726 4329 salubribus
2772 4284 2906 4329 non
2957 4265 3074 4328 ad-

1280 4504 1599 4625 ὲέἷαιιὼιιιιηι
1617 4512 1869 4575 vestrarum]
1904 4511 2148 4575 Compare
2169 4514 2258 4563 lib.
2272 4514 2309 4564 i.
2332 4528 2413 4575 ep.
2436 4515 2648 4564 xxxviii.
2671 4516 2800 4564 with
2825 4516 3080 4578 Hoveden,

1214 4592 1262 4635 p.
1379 4613 1390 4627 .
