3457 5887
974 875 1251 925 nonas
1293 874 1829 926 als-roaunun.
2207 861 2336 925 441

466 1061 678 1108 naves
738 1042 1114 1127 plurimas3
1181 1049 1461 1126 pactum
1512 1041 1721 1106 etiam
1784 1060 1941 1105 cum
2000 1041 2099 1105 eis
2157 1042 2339 1121 iniit,
2364 1054 2608 1097 Anu-1¹⁸⁰·

470 1141 782 1225 praestito
854 1150 1310 1219 sacramento,
1367 1140 1552 1224 quod
1619 1140 1941 1223 quicquid
2018 1142 2168 1205 auri
2228 1142 2339 1207 vel

474 1243 767 1325 argenti,
811 1243 959 1307 sive
1002 1242 1468 1326 cujuscunque
1511 1241 1778 1321 generis
1819 1240 2020 1317 lucri,
2061 1241 2342 1306 civitate

474 1342 787 1420 subacta,
844 1348 1129 1424 possent
1191 1339 1572 1427 adquirere,
1617 1339 1688 1402 in
1741 1358 1906 1404 usus
1958 1359 2120 1404 suos
2163 1340 2342 1405 redi-

476 1449 716 1522 gentes
797 1442 1035 1504 urbem
1119 1439 1544 1505 solummodo
1614 1439 1762 1520 regi
1822 1440 2341 1504 concessissent.

481 1539 709 1622 Igitur
753 1534 771 1571 ¹
786 1540 873 1604 ab
923 1532 1300 1604 Ulixibona
1345 1537 1742 1617 recedentes
1779 1538 1950 1603 velis
1997 1541 2343 1622 prosperis

475 1638 549 1701 in
580 1640 771 1703 brevi
817 1647 1091 1722 portum
1120 1638 1376 1723 Sylviae
1407 1638 1862 1715 intraverunt,
1896 1638 2343 1722 impulsisque

478 1736 565 1801 ad
591 1744 843 1802 terram
873 1739 1187 1815 navibus,
1225 1738 1670 1819 tentoriisque
1719 1738 1902 1815 fixis,
1941 1739 2180 1801 urbem
2222 1739 2343 1802 ob-

476 1836 738 1902 sidione
769 1836 1247 1916 vallaverunt;
1298 1842 1448 1899 erat
1490 1843 1722 1899 autem
1755 1855 2077 1900 numerus
2109 1835 2345 1902 Chris-

476 1936 819 2000 tianorum
866 1934 954 2000 ad
1015 1953 1316 2018 pugnam
1358 1940 1900 2017 praeparatorum
1947 1935 2082 1998 tria
2132 1938 2349 2001 millia

480 2035 862 2116 quingenti.
965 2032 1233 2099 Deinde
1290 2033 1400 2097 die
1460 2033 1665 2097 tertio
1712 2033 1926 2096 muris
1980 2036 2349 2118 appropin-

479 2140 772 2216 quantes
826 2132 1154 2197 insultum
1206 2133 1508 2197 fecerunt
1564 2132 1990 2210 acerrimum,
2033 2135 2348 2199 suburbi-

483 2252 599 2296 um
644 2234 1060 2316 irruperunt,
1102 2232 1359 2296 fontem
1415 2232 1623 2295 etiam
1670 2230 1928 2315 duplici
1972 2251 2168 2298 muro
2217 2234 2349 2297 cir—

483 2331 902 2410 cumdatum,
951 2332 1315 2396 habentem
1354 2331 1808 2396 barbecanam
1854 2351 2097 2396 novem
2145 2334 2350 2397 turri-

484 2432 610 2495 bus
653 2431 1197 2514 circumseptam,
1237 2450 1281 2494 a
1318 2449 1456 2513 quo
1493 2430 1679 2495 cives
1725 2429 1999 2495 haurire
2038 2432 2351 2498 solebant

484 2550 686 2614 aquae
740 2530 1251 2608 abundantiam,
1294 2537 1500 2608 terra,
1538 2529 1698 2595 fimo
1741 2537 1812 2594 et
1845 2530 2188 2614 lapidibus
2229 2533 2349 2597 ob-

486 2637 913 2695 struxerunt.
1018 2628 1333 2695 Gentiles
1378 2647 1544 2695 vero
1580 2648 1783 2713 aquoe
1824 2631 2111 2713 penuria
2160 2632 2351 2696 labo-

485 2736 738 2807 ranteS,
764 2730 994 2795 animo
1012 2737 1175 2794 sunt
1201 2730 1650 2808 consternati3
1684 2730 2000 2812 princeps
2027 2730 2352 2808 civitatis,

487 2826 759 2894 Alchad
808 2830 1103 2907 nomine,
1135 2848 1365 2912 regem
1397 2826 1570 2893 adiit
1602 2828 2167 2911 Portugaleusem
2198 2831 2352 2895 red-

487 2927 796 3013 diditque
855 2928 919 2995 ei
970 2929 1343 3008 civitatem,
1395 2928 1874 3011 ignorantibus
1923 2929 2353 2996 Christianis.

489 3028 791 3094 Subacta
820 3030 1034 3113 igitur
1062 3029 1460 3093 mirabiliter
1498 3029 1665 3093 urbe
1703 3047 1748 3092 a
1780 3029 2158 3112 peregrinis
2181 3030 2357 3095 Cru-

484 3128 692 3208 cifixi‚
722 3129 1005 3194 inventa
1045 3136 1208 3194 sunt
1248 3130 1322 3192 in
1362 3127 1486 3192 illa
1525 3146 1950 3212 paganorum
1992 3130 2356 3213 plusquam

492 3229 860 3311 sexaginta
916 3228 1154 3307 millia,
1197 3228 1316 3310 qui
1363 3247 1598 3292 omnes
1636 3228 1708 3292 in
1754 3248 1872 3292 ore
1907 3228 2143 3310 gladii,
2188 3249 2359 3313 prae-

493 3335 598 3393 ter
638 3327 1064 3393 solummodo
1108 3327 1431 3392 tredecim
1471 3327 1689 3391 millia
1724 3328 2079 3410 utriusque
2126 3347 2361 3407 sexus,

492 3427 861 3510 perierunt.
981 3426 1097 3492 Sic
1153 3427 1638 3510 omnipotentis
1698 3427 1835 3491 Dei
1884 3427 2162 3506 virtute,
2213 3429 2362 3492 sine

494 3525 744 3590 damno
766 3525 1336 3603 Christianorum,
1371 3526 1864 3609 triumphatum
1899 3534 2008 3592 est
2035 3527 2121 3591 de
2144 3547 2363 3610 paga-

493 3625 637 3705 nis;
664 3632 759 3704 et,
780 3625 1060 3690 civitate
1092 3626 1405 3691 sordibus
1435 3633 1506 3691 et
1534 3625 1940 3690 idololatriis
1969 3626 2363 3706 emundata,

499 3722 1020 3807 Portugalensis
1059 3725 1420 3810 episcopus
1450 3719 2014 3791 'mahumereiam
2044 3746 2364 3809 magnam

495 3824 569 3885 in
622 3822 949 3889 honorem
997 3824 1133 3889 Dei
1174 3825 1524 3908 genitricis
1575 3824 1944 3904 dedicavit,
1984 3826 2364 3908 praeficiens

494 3921 592 3986 ibi
613 3924 1008 4007 episcopum
1035 3923 1397 4007 quendam,
1426 3923 1548 4007 qui
1569 3924 1655 3989 de
1688 3926 2000 4007 partibus
2020 3925 2365 3991 Flandriae

496 4022 723 4103 gratia
751 4023 1321 4106 peregrinationis
1350 4023 1746 4090 advenerat.

567 4218 1289 4288 ¹Abfflhibmroedeum]
1321 4223 1406 4273 the
1523 4203 1993 4290 ’Malu-cnium]
2024 4226 2373 4275 or‘mneome·

497 4291 615 4341 leth
635 4292 694 4341 of
706 4292 867 4355 Ju153
897 4292 1021 4344 ibid.
1455 4293 1617 4355 rim,’
1648 4309 1681 4343 a
1710 4296 1897 4358 temple
1929 4295 2007 4344 for
2030 4294 2114 4344 the
2150 4293 2371 4355 worship

1456 4361 1516 4413 of
1531 4363 1790 4413 Mahomet
1801 4379 1820 4427 ;
1854 4364 1942 4414 Du
1965 4364 2155 4426 Gange,
2175 4362 2242 4413 ad
2258 4378 2360 4414 voe.
