3457 5887
967 864 1258 913 >nonas
1303 863 1834 914 ms'ronmnuu.
2202 849 2334 914 429

465 1022 736 1101 stituas,
775 1022 1104 1110 adjuncta
1147 1024 1613 1091 satisfactione
1653 1025 1868 1089 sacris
1906 1024 2329 1091 constitutio-
2357 1035 2468 1077 Av-
2491 1035 2623 1074 Μῦν

463 1123 661 1187 nibus
710 1143 837 1213 pro
876 1132 1018 1190 tam
1059 1125 1367 1190 nefandis
1415 1125 1811 1190 excessibus
1865 1131 2132 1200 taxata,
2178 1125 2329 1208 [ne]

463 1220 842 1302 legitimum
893 1224 1169 1288 minime
1213 1224 1564 1290 videamur
1618 1222 1931 1300 indicere.
1963 1225 2237 1301 bellum,
2289 1244 2334 1289 a

464 1323 691 1405 capite
750 1322 1196 1411 kalendarum
1271 1323 1762 1413 Novembrium
1833 1322 2109 1388 evoluto
2170 1324 2334 1387 anni

465 1422 692 1503 spatio
756 1412 1120 1487 terminum
1176 1423 1652 1487 constituimus
1708 1422 1797 1487 ad
1851 1422 2332 1505 experiendam

464 1520 625 1583 belli
644 1520 985 1585 fortunam
1012 1520 1086 1585 in
1121 1541 1363 1605 campo
1397 1521 1790 1604 Tahpneos,
1823 1522 1897 1585 in
1927 1520 2179 1586 virtute
2209 1523 2335 1585 mi-

462 1618 669 1682 rificae
701 1620 919 1685 crucis
949 1625 1022 1685 et
1046 1621 1119 1684 in
1148 1621 1423 1686 nomine
1449 1622 1591 1686 veri
1625 1620 1914 1703 Josepb.
1979 1619 2124 1684 Vix
2153 1622 2333 1685 enim

464 1717 734 1782 credere
766 1738 1129 1803 possumus
1164 1719 1310 1785 haec
1344 1728 1415 1785 te
1448 1721 1685 1798 latere,
1720 1719 1903 1803 quod
1939 1739 2029 1784 ex
2061 1720 2333 1803 scriptis

463 1826 770 1883 veterum
832 1826 905 1882 et
955 1819 1028 1882 in
1076 1819 1379 1884 historiis
1433 1819 1647 1884 nostri
1697 1820 2023 1902 temporis
2077 1818 2333 1885 factum

463 1917 756 1997 redolet3
797 1916 1126 1999 numquid
1155 1918 1328 1983 scire
1359 1917 1770 1996 dissimulas,
1803 1920 2038 1982 ambas
2067 1919 2336 1983 AEtbio÷=

466 2017 642 2098 pias,
676 2015 1195 2093 Mauritaniam,
1230 2015 1565 2093 Persiam,
1597 2015 1899 2100 Syriam,
1921 2011 2333 2094 ¹Parthiam,

467 2114 514 2178 J
518 2115 808 2192 udaeam,
844 2115 1246 2193 Samariam,
1293 2115 1699 2179 maritimam
1738 2112 2090 2193 Arabiam,
2126 2115 2333 2180 Chal-

468 2214 710 2292 daeam,
746 2215 1124 2298 AEgyptum
1171 2222 1242 2279 et
1286 2213 1707 2292 Armeniam,
1755 2233 1909 2279 cum
1946 2216 2336 2279 innumera-

468 2313 717 2378 bilibus
749 2314 949 2378 terris
981 2320 1234 2378 nostrae
1266 2313 1508 2379 ditioni
1540 2333 1689 2378 esse
1719 2315 2112 2399 subjectas?
2187 2314 2336 2378 No-

469 2420 630 2477 runt
673 2412 820 2477 baec
860 2432 1082 2495 reges,
1128 2413 1245 2497 qui
1291 2432 1532 2478 cruore
1577 2412 1789 2495 gladii
1834 2413 2132 2478 Romani
2172 2420 2335 2478 sunt

469 2512 768 2577 crebrius
811 2505 1197 2593 ’inebriati3
1252 2520 1322 2577 et
1370 2520 1447 2578 tu
1490 2513 1788 2596 quidem,
1829 2520 2107 2578 auctore
2158 2512 2333 2591 Deo,

467 2611 809 2694 intelliges
848 2611 1012 2695 quid
1050 2619 1302 2677 nostrae
1336 2613 1650 2677 victrices
1693 2613 1967 2695 aquilae,
2013 2612 2176 2695 quid
2216 2633 2332 2677 co-

469 2710 699 2775 hortes
752 2710 1174 2775 diversarum
1229 2712 1605 2789 nationum,
1659 2712 1823 2795 quid
1875 2711 2063 2775 furor
2107 2711 2333 2776 Theu-

471 2810 739 2875 tonicus
776 2810 982 2875 etiam
1021 2810 1094 2874 in
1135 2831 1307 2894 pace
1349 2830 1540 2876 arma
1579 2830 1884 2890 movenS,
1925 2812 2088 2894 quid
2127 2819 2335 2895 caput

470 2910 871 2975 indomitum
925 2909 1175 2990 Rheni,
1219 2911 1417 2996 cujus
1445 2911 1777 2996 juventus
1817 2929 2164 2995 nunquam
2210 2931 2334 2977 no-

471 3010 574 3075 vit
618 3010 877 3092 fugam,
920 3012 1083 3095 quid
1125 3030 1445 3094 procerus
1485 3012 1825 3089 BavaruS,
1864 3011 2027 3095 quid
2069 3011 2336 3076 Suevus

470 3117 756 3189 astutus,
812 3109 976 3192 quid
1040 3111 1429 3177 Franconia
1483 3112 1996 3194 circumspecta,
2046 3111 2209 3193 quid
2267 3110 2337 3175 in

469 3208 700 3291 gladio
769 3209 1011 3274 ludens
1083 3210 1410 3289 Saxonia,
1477 3211 1639 3294 quid
1699 3209 2102 3293 Thuringia,
2174 3210 2337 3293 quid

467 3307 924 3391 westphalia,
975 3308 1139 3393 quid
1192 3311 1393 3392 agilis
1445 3310 1845 3387 Brabantia,
1894 3309 2058 3394 quid
2109 3311 2340 3374 nescia

468 3408 661 3490 pacis
695 3407 1165 3491 Lotharingia,
1198 3410 1359 3493 quid
1391 3409 1698 3493 inquieta
1722 3408 2335 3492 Burgundia,·quid

472 3505 746 3588 Alpinae
796 3508 1064 3586 saliceS,
1111 3509 1276 3592 quid
1333 3509 1650 3573 Frisonia
1690 3509 1764 3572 in
1813 3516 2121 3574 armento
2163 3527 2337 3591 prae-

473 3605 739 3684 volans,
773 3607 938 3690 quid
983 3607 1316 3672 Bohemia
1357 3608 1539 3672 ultro
1590 3607 1764 3672 mori
1805 3607 2136 3690 gaudens,
2173 3606 2337 3690 quid

472 3700 798 3769 Polonia³
832 3707 976 3770 suis
1009 3705 1169 3771 feris
1197 3705 1427 3784 ferior,
1448 3706 1612 3791 quid
1645 3705 1949 3785 Austria,
1974 3708 2137 3791 quid
2167 3701 2340 3772 ⁴Sti-

472 3804 601 3881 ria,
654 3806 817 3886 quid
871 3805 1232 3887 Bugresia,
1288 3806 1452 3891 quid
1504 3814 1737 3890 partes
1792 3806 2114 3890 Illyricae,
2174 3806 2337 3889 quid

453 3902 878 3981 Leonardia,
917 3905 1081 3987 quid
1112 3904 1390 3983 Tuscia,
1433 3906 1595 3987 quid
1626 3901 2137 3984 ‘Archaritanm
2177 3906 2340 3987 quid

469 3996 700 4075 vetus?
744 4002 1106 4081 Proretba,
1148 4004 1312 4086 quid
1363 4003 1724 4087 Spinacius
1770 4005 2127 4069 nauclerus
2157 4025 2175 4085 ;
2210 4005 2338 4074 sle-

470 4103 673 4186 nique
707 4102 1020 4167 dextram
1056 4110 1382 4180 nostram,
1417 4123 1621 4187 quam
1661 4104 1852 4168 senio
1885 4105 2145 4187 arguis,
2177 4123 2344 4187 qua-

435 4285 438 4288 '
545 4282 846 4335 'Par-thiam.
881 4287 905 4351 ]
970 4286 988 4316 ‘
1006 4281 1248 4336 Pet-siam*
1303 4300 1381 4335 re·
1494 4282 1516 4313 ⁸
1530 4283 1876 4337 Archa-itm.
1967 4287 1985 4314 ‘
2008 4286 2344 4336 Ancarictana

473 4354 654 4417 pented
675 4355 727 4403 in
749 4355 862 4405 MS.
1429 4350 1669 4415 Marcia,’
1704 4355 1902 4418 Cogges
1937 4356 2048 4417 ale;
2102 4358 2119 4384 ‘
2142 4356 2344 4404 Ammo-

541 4420 564 4453 ¹
581 4423 836 4474 lubrica.
884 4420 1159 4475 ‘Debriati’
1182 4425 1234 4473 in
1265 4422 1380 4473 MS.
1429 4424 1601 4472 nitana
1624 4420 1846 4486 Narnia}
1879 4425 2063 4474 Baton.

540 4490 564 4524 ⁸
586 4493 806 4544 Polou-ia.
885 4494 946 4543 In
980 4495 1092 4545 MS.
1126 4494 1227 4543 and
1250 4492 1381 4555 Cog-
1499 4488 1521 4519 ⁸
1547 4492 1696 4542 Vetus
1730 4494 1986 4544 Prot-etho.
2011 4494 2034 4557 ]
2077 4494 2095 4521 ‘
2118 4494 2342 4544 Venetus

477 4561 680 4625 gesbnle
701 4563 716 4590 ‘
839 4559 985 4613 onia!
1432 4561 1693 4624 pmtethffi·
1738 4562 2085 4624 coggeshale3
2138 4564 2156 4594 ‘
2179 4564 2342 4615 Vene-

543 4630 564 4661 ⁴
585 4632 763 4683 Stiria.
798 4632 821 4695 ]
855 4633 870 4660 ‘
889 4633 1087 4683 Stricia’
1108 4633 1160 4682 in
1183 4631 1296 4681 MS.
1430 4634 1513 4679 tus
1535 4627 1732 4694 pirata:
1768 4633 1952 4681 Barou-
