3457 5887
1191 854 1323 920 204
1689 869 1954 918 Rocmu
2001 870 2095 917 ns
2139 868 2547 918 wannovmz

873 1043 983 1084 sn.
1006 1046 1116 1086 ma.
1192 1025 1386 1110 regni
1441 1025 1719 1108 negotia
1779 1026 2148 1091 ordinaret.
2262 1026 2478 1090 Balac
2532 1025 2815 1101 interea,
2865 1025 3062 1107 prin-e

1192 1146 1353 1210 ceps
1387 1125 1781 1209 praedictuS,
1810 1145 1966 1190 cum
1995 1125 2288 1189 sedecim
2317 1132 2734 1190 armatorum
2762 1123 3055 1188 millibus

1190 1225 1236 1290 J
1242 1245 1467 1309 oppen
1488 1224 1839 1290 obsidione
1864 1224 2189 1304 vallavit3
2227 1244 2364 1308 quo
2389 1225 2650 1301 audito,
2668 1223 3055 1307 patriarcha

1191 1324 1862 1407 Hierosolymitanus
1889 1331 1960 1388 et
1986 1324 2179 1406 regni
2213 1330 2616 1407 procurator
2644 1322 3052 1387 Eustachius

1189 1444 1342 1489 cum
1381 1424 1536 1489 aliis
1569 1423 2015 1507 principibus,
2056 1423 2319 1506 praevia
2360 1422 2642 1488 Domini
2677 1423 3051 1486 misericor-

1188 1524 1325 1601 dia,
1359 1542 1515 1588 cum
1556 1529 1821 1606 septem
1861 1523 2165 1587 millibus
2209 1530 2623 1586 armatorum
2666 1520 3055 1604 superveni-

1188 1631 1404 1701 entes,
1433 1623 1665 1687 hostes
1697 1641 1931 1686 omnes
1957 1623 2032 1684 in
2063 1621 2299 1704 fugam
2326 1629 2697 1704 coegerunt
2730 1629 2804 1685 et
2829 1640 2919 1683 ex
2955 1623 3048 1685 eis

1186 1730 1446 1807 septem
1485 1721 1699 1786 millia
1741 1729 2196 1804 peremerunt,
2239 1728 2446 1803 atque
2490 1720 2715 1804 spolia
2756 1720 3050 1802 impreti-

1186 1822 1396 1886 abilia
1446 1821 1693 1886 ibidem
1751 1821 2136 1885 obtinentes
2192 1821 2372 1885 iuter
2423 1839 2500 1884 se
2544 1820 2903 1902 aequaliter
2944 1821 3042 1883 di-

1184 1922 1517 1986 viserunt.
1594 1920 1850 1985 Eodem
1885 1938 2070 1984 anno
2091 1918 2503 1996 willelmus,
2536 1919 3040 1985 cantuariensis

1184 2020 1467 2099 electus,
1520 2019 1817 2085 Romam
1869 2018 2218 2102 profectus
2272 2018 2554 2102 pallium
2604 2019 2923 2101 suscepit,
2971 2028 3040 2082 et

1187 2140 1502 2185 reversus
1544 2120 1620 2183 in
1660 2118 1985 2202 Angliam
2032 2125 2469 2183 consecratus
2512 2116 2697 2201 apud
2750 2117 3040 2182 Cantua-

1186 2219 1359 2285 riam
1384 2238 1428 2283 a
1453 2219 1826 2296 willelmo,
1847 2217 2310 2284 wintoniensi
2341 2217 2688 2301 episcopo,
2706 2219 2871 2301 quia
2886 2237 3043 2300 pau·

1185 2317 1256 2382 lo
1285 2325 1444 2383 ante
1476 2319 1741 2383 obierat
1774 2317 2184 2395 Richardus,
2214 2317 2711 2382 Londoniensis
2740 2318 3043 2395 antistes,

1182 2417 1271 2481 ad
1302 2438 1506 2502 quem
1531 2419 1651 2483 illa
1683 2418 2104 2482 consecratio
2136 2416 2221 2481 de
2243 2417 2402 2502 jure
2430 2418 2808 2501 spectabat.

1453 2591 1633 2667 Quod
1658 2591 1913 2677 qwidwm
1941 2591 2101 2676 royis
2129 2590 2372 2656 im’mioi
2402 2591 2750 2677 capiuntur.

861 2727 1104 2769 munu-
1278 2712 1483 2778 Anno
1541 2713 1823 2778 Domini
1889 2728 2206 2776 mcxxw.
2262 2704 2643 2777 ¹Robertus
2695 2710 2778 2774 de
2836 2710 3036 2775 Med-

856 2778 1112 2881 ssffnmm‘gs.
1181 2813 1327 2878 lent
1367 2833 1619 2891 comeS,
1653 2811 2013 2877 associatis
2047 2812 2176 2875 sibi
2222 2809 2525 2893 Hugone
2566 2812 2650 2875 de
2677 2810 3039 2887 Muntfort,

1180 2914 1441 2978 sororio
1486 2932 1634 2992 suo,
1678 2920 1750 2978 et
1794 2910 2100 2994 Hugone
2139 2909 2457 2976 Gervasii
2502 2910 2667 2988 filio,
2708 2909 3041 2975 hostiliter

1183 3013 1675 3078 Normanniam
1726 3013 2051 3092 intravit3
2099 3010 2485 3075 willelmus
2527 3030 2693 3075 vero
2739 3010 2825 3073 de
2861 3010 3042 3075 Tau-

1178 3112 1497 3190 karvilla,
1520 3113 1701 3195 regis
1736 3112 2172 3188 camerarius,
2198 3110 2474 3173 aciebus
2499 3110 2855 3193 dispositis
2881 3130 3037 3174 con-

1177 3219 1287 3277 tra
1338 3213 1493 3277 illos
1546 3212 1903 3277 decertans
1954 3211 2138 3293 cepit
2187 3229 2329 3288 eos,
2386 3217 2456 3274 et
2517 3210 2665 3292 regi
2716 3208 3035 3289 Henrico,

1175 3318 1244 3376 et
1297 3331 1423 3377 rex
1458 3312 1757 3387 carceri,
1809 3309 2277 3393 praesentavit.
2377 3308 2636 3373 Eodem
2701 3329 2887 3373 anno
2926 3309 3038 3373 de·

1175 3410 1393 3476 functi
1436 3419 1597 3476 sunt
1629 3405 2089 3493 'Theophilus
2121 3407 2625 3490 wigorniensis
2657 3418 2730 3474 et
2763 3402 3039 3472 'Ernul-

1176 3509 1286 3573 fus
1349 3509 1692 3575 Roffensis
1746 3507 2069 3593 episcopi.
2187 3500 2479 3571 *Eodem
2545 3526 2729 3572 auno
2789 3507 3037 3590 Tyrus,

1174 3608 1393 3692 Syrioe
1437 3608 1857 3692 metropolis,
1895 3627 1939 3673 a
1983 3606 2322 3671 Michaele
2363 3606 2535 3671 duce
2563 3606 2880 3671 Venetiae
2920 3608 3041 3671 ob-

1175 3707 1438 3772 sidione
1470 3708 1731 3772 vallata
1770 3716 1877 3773 est
1919 3727 2042 3790 per
2086 3725 2271 3770 mare
2312 3714 2519 3788 atque
2560 3727 2684 3790 per
2713 3715 2968 3772 terram
2995 3727 3040 3772 a

1175 3808 1597 3892 principibus
1656 3807 1852 3887 regni
1921 3806 2557 3888 Hierosolymamm
2614 3806 2856 3889 quinto
2913 3806 3042 3871 ka-

1172 3907 1411 3970 lendas
1458 3905 1719 3983 Martii,
1754 3913 1824 3970 et
1857 3906 2063 3970 tertio
2107 3904 2437 3969 kalendas
2482 3904 2528 3969 J
2534 3905 2656 3969 ulii
2699 3914 2905 3989 capta
2933 3914 3046 3971 est

1170 4013 1241 4070 et
1264 4004 1772 4071 christianitati
1806 4003 2094 4069 feliciter
2121 4005 2464 4068 restituta.
2567 4004 2824 4069 Eodem
2855 4024 3042 4070 anno

1166 4124 1293 4168 rex
1354 4104 1738 4169 Jerusalem
1809 4103 2271 4180 BaldewinuS,
2322 4103 2504 4167 datis
2567 4104 2938 4182 obsidibuS,
2995 4124 3043 4168 a

1235 4329 1515 4381 ¹Roemtu
1555 4333 1614 4381 de
1656 4330 1937 4393 Medion]
1973 4331 2073 4379 Ro-
2119 4345 2184 4380 on
2225 4328 2311 4378 the
2355 4330 2476 4378 zoth
2519 4329 2578 4379 of
2613 4330 2833 4379 October
2887 4332 3038 4379 1123.

1162 4402 1290 4462 bert,
1311 4402 1417 4450 carl
1437 4401 1496 4450 ot'
1513 4400 1764 4450 Meulant.
2188 4396 2211 4429 ⁸
2231 4400 2514 4462 ErunUm-]
2555 4399 2657 4448 His
2694 4399 2844 4448 death
2879 4399 2925 4447 is
2956 4414 3044 4448 re·

1229 4469 1252 4502 ²
1276 4471 1591 4535 Theophilu5
1624 4471 1648 4535 ]
1697 4469 1860 4519 called
1904 4469 1954 4516 in
1988 4467 2071 4517 the
2119 4468 2373 4518 cordedin
2388 4468 3043 4519 theAnnal.Roff·iu1123.

1159 4541 1353 4590 Annals
1389 4541 1446 4590 οἱ
1485 4540 1816 4599 winchester,
1859 4538 1960 4587 and
2005 4539 2070 4599 by
2186 4537 2208 4570 ⁴
2232 4539 2409 4588 Eodem
2439 4534 2618 4609 annm]
2656 4539 2791 4588 Will.
2823 4539 2942 4600 Tyr.
2981 4554 3040 4600 p.

1157 4612 1392 4675 Eadmer,
1415 4605 1809 4661 ‘Theobaldusz’
1856 4609 1919 4657 he
1951 4607 2071 4657 died
2118 4613 2233 4672 828,
2254 4624 2379 4672 seqq.
