3457 5887
1115 850 1245 916 188
1629 861 1894 910 nocam
1942 858 2035 907 ns
2080 856 2493 907 wal-movim

803 1044 913 1085 Α».
936 1045 1044 1084 ιιιο.
1124 1037 1373 1103 corpus
1404 1017 1556 1102 ejus
1598 1015 2109 1080 sanctissimum
2139 1014 2365 1078 fuerat
2404 1015 2595 1096 prius
2621 1015 2997 1091 inventum,

1126 1127 1197 1183 et
1234 1120 1307 1182 in
1347 1136 1530 1181 novo
1570 1116 1823 1181 feretro
1859 1113 2272 1179 collocatum
2307 1134 2325 1192 ;
2393 1113 2580 1179 facta
2617 1122 2724 1178 est
2770 1122 2996 1178 autem

1126 1218 1274 1283 haec
1302 1216 1664 1281 translatio
1693 1216 1766 1279 in
1800 1214 1910 1279 die
1937 1213 2280 1296 passionis
2317 1213 2626 1298 ejusdem
2656 1215 3001 1299 martyris,

1127 1317 1388 1381 decimo
1452 1314 1787 1379 kalendas
1873 1313 2318 1396 Septembris,
2466 1313 2726 1377 Eodem
2794 1315 3000 1378 etiam

1128 1435 1309 1481 anno
1340 1422 1622 1479 sanctus
1657 1412 2003 1478 Godricus
2046 1412 2232 1495 apud
2267 1411 2597 1476 Finchale
2626 1414 2844 1477 vitam
2887 1413 3002 1477 he-

1127 1517 1518 1581 remeticam
1568 1511 1945 1589 inchoavit,
1996 1529 2206 1594 quam
2262 1531 2385 1594 per
2439 1530 2656 1577 annos
2712 1512 3005 1594 quadra-

1129 1617 1326 1698 ginta
1368 1612 1804 1677 laudabiliter
1846 1611 2224 1693 complens,
2253 1630 2460 1675 carne
2490 1612 2774 1676 tandem
2819 1612 3000 1676 soln-

1130 1723 1267 1792 tus,
1292 1713 1443 1777 caeli
1478 1712 1813 1795 palatium
1840 1710 2261 1787 conscendit,
2289 1710 2727 1775 aeternalibus
2756 1711 3004 1776 delitiis

1131 1813 1380 1879 ibidem
1425 1811 1759 1875 fruiturus
1799 1829 1954 1874 cum
1990 1811 2271 1874 sanctis.
2373 1809 2533 1874 Hoc
2574 1811 2786 1874 etiam
2827 1830 3004 1876 anno

1133 1921 1401 1978 cometa
1430 1912 1752 1995 apparuit
1783 1929 1972 1973 more
2015 1909 2317 1986 insolito,
2345 1929 2530 1986 nam,
2558 1930 2719 1973 cum
2751 1912 2840 1975 ab
2871 1912 3002 1975 ori-

1134 2020 1290 2078 ente
1344 2030 1634 2094 surgens
1684 2011 1758 2073 in
1805 2008 2307 2072 firmamentum
2371 2009 2814 2088 ascendisset,
2864 2031 2996 2075 non

1134 2111 1477 2196 progredi,
1538 2109 1659 2174 sed
1712 2108 1979 2190 regredi
2026 2107 2409 2173 videbatur.
2511 2108 2772 2173 Eodem
2839 2130 3000 2175 vero

1136 2219 1441 2293 tempore
1498 2229 1623 2274 rex
1684 2207 2122 2272 Hierusalem
2182 2206 2619 2272 Baldewinus
2674 2208 3003 2287 Bel-itum,

1137 2311 1486 2376 civitatem
1521 2308 1871 2374 Phoenicis
1899 2307 2197 2389 regionis
2230 2308 2665 2385 maritimam,
2695 2316 3009 2392 potenter

1140 2410 1578 2495 subjugatam
1638 2407 1992 2472 catholicae
2041 2407 2345 2470 restituit
2387 2408 2682 2487 unitati3
2739 2416 2848 2473 cst
2890 2428 3007 2473 au-

1139 2517 1278 2574 tem
1307 2511 1443 2574 sita
1468 2509 1648 2572 inter
1680 2506 1957 2573 Biblum
1986 2513 2057 2569 et
2092 2505 2414 2570 Sidonem
2445 2507 2775 2572 civitates.

1142 2681 1318 2762 Quod
1354 2701 1461 2746 rem
1488 2681 1801 2745 Honriom
1828 2689 2059 2745 terram
2085 2681 2322 2746 comitis
2347 2682 2790 2768 Andeqavom's
2810 2684 3010 2767 ymni

1670 2780 2130 2866 depwulatiom
2161 2782 2469 2846 contrivit.

822 2905 1062 3005 gfngm
1238 2904 1445 2971 Anno
1487 2905 1768 2970 Domini
1811 2921 2022 2971 mcxl.
2069 2923 2196 2970 rex
2236 2903 2623 2989 Anglorum
2665 2904 3014 2971 Henricus

821 3010 977 3105 1353
1139 3026 1430 3091 pergens
1473 3006 1545 3069 in
1592 3005 2087 3070 Normanniam
2133 3012 2377 3071 contra
2418 3008 2737 3071 comitem
2781 3004 3015 3070 Ande-

1143 3126 1538 3190 gavensem,
1561 3105 1679 3188 qui
1702 3104 2241 3187 Cenomanniam
2263 3107 2351 3170 ab
2371 3124 2453 3171 eo
2473 3107 2754 3170 tenebat
2774 3106 3017 3183 invito,

1140 3226 1375 3271 werrae
1417 3206 1605 3287 leges
1635 3211 1878 3268 contra
1917 3224 2074 3268 eum
2117 3204 2298 3269 ferro
2341 3206 2542 3270 simul
2586 3213 2658 3270 et
2702 3205 3014 3269 incendio

1140 3313 1536 3372 constanter
1575 3305 1906 3382 exercuit,
1939 3305 2299 3387 ipsumque
2342 3313 2412 3370 et
2444 3314 2697 3371 terram
2731 3306 2881 3391 ejus
2907 3313 3013 3369 to-

1142 3413 1282 3471 tam
1316 3406 1514 3488 gravi
1545 3404 2072 3487 depopulatione
2104 3405 2445 3469 contrivit.

1199 3584 1297 3647 De
1322 3591 1537 3646 sancta
1563 3579 2039 3645 Frahmuitlaa
2066 3589 2122 3645 a
2149 3580 2279 3665 ojus
2301 3580 2555 3646 ecclesiae
2564 3581 2963 3667 fundatione.

827 3724 1060 3815 mot
1218 3704 1475 3770 Eodem
1493 3711 1799 3788 tempore
1823 3697 2193 3787 ¹Rogerus,
2212 3706 2735 3771 sarisberiensis
2755 3707 3016 3791 episco-

828 3804 968 3866 witne-
1007 3786 1072 3815 ‘⁸'
1143 3825 1297 3889 pus,
1325 3804 1513 3868 dedit
1542 3804 1768 3868 locum
1801 3805 1872 3868 in
1907 3804 2206 3882 Oxonia,
2236 3805 2309 3869 in
2341 3826 2477 3889 quo
2511 3826 2763 3890 corpus
2795 3809 3014 3872 beatae

1148 3903 1662 3969 Fretheswithae
1679 3904 1969 3986 virginis
1986 3906 2374 3989 requiescit,
2397 3907 2666 3971 cuidam
2688 3908 3017 3972 canonico

1146 4005 1417 4069 nomine
1449 4004 1848 4082 wimundo,
1892 4006 2035 4087 qui,
2079 4006 2333 4070 multos
2366 4007 2462 4070 ibi
2495 4009 2864 4072 canonicos
2911 4027 3017 4070 re-

1146 4106 1477 4188 gulariter
1541 4104 1850 4167 viventes
1909 4103 2197 4188 Deoque
2256 4104 2667 4171 famulantes
2718 4107 3017 4172 devotis·

1146 4207 1314 4269 sime
1355 4204 1747 4280 instituens,
1779 4223 1985 4287 super
2014 4204 2172 4268 ilios
2207 4206 2392 4270 vices
2435 4206 2720 4288 gerebat
2748 4207 3010 4290 prioris,

1150 4305 1406 4370 Fuerat
1461 4311 1688 4368 autem
1741 4303 2122 4386 antiquitus
2172 4324 2298 4388 pro
2351 4307 2735 4371 reverentia
2795 4308 3014 4371 beatae

1144 4405 1430 4486 virginis
1474 4404 2104 4467 sanctimonialibus
2139 4402 2534 4487 deputatus,
2582 4425 2738 4488 quae
2768 4406 3014 4490 Sponsi

1144 4570 1213 4693 ΡΙ
1234 4575 1492 4693 1ῗοῖωώ
1484 4572 1858 4691 ιξωὶεόονὶεπσίε
1872 4572 2156 4636 episcopam]
2176 4574 2424 4637 Compare
2443 4576 2778 4640 Malmsbury,
2791 4577 2856 4626 de
2870 4577 3020 4628 cest.

1191 4660 1253 4694 on
1277 4659 1294 4693 1
1319 4678 1333 4693 .
1355 4659 1408 4705 p.
1528 4678 1543 4692 .
