3457 5887
1240 766 1370 831 372
1740 779 2004 827 Roemu
2053 777 2163 826 ns·
2193 777 2605 826 wannovssn

1418 1009 1594 1091 Quod
1617 1030 1725 1075 νοω
1751 1010 2142 1075 Francorum
2170 1010 2636 1073 Non-manniam
2663 1007 2944 1073 hostiliter

2014 1110 2333 1174 invaserit.

928 1252 1036 1292 tm.
1056 1250 1167 1290 117³.
1342 1227 1632 1298 Eodem¹
1682 1252 1863 1297 anno
1915 1252 2041 1297 rex
2100 1232 2521 1297 Francorum
2576 1230 2971 1296 Lodowicus
3016 1232 3110 1295 ad

923 1301 1183 1401 iffa&
1243 1331 1314 1397 N
1315 1333 1741 1397 ormanniam
1825 1333 2098 1417 penitus
2169 1330 2667 1396 devastandum
2728 1331 3114 1395 innumera-

1238 1432 1441 1496 bilem
1510 1432 1889 1497 exercitum
1950 1431 2446 1513 congregavit3
2512 1428 2630 1512 qui
2705 1430 3111 1511 quantocius

1242 1530 1313 1596 N
1315 1532 1739 1596 ormanniam
1809 1531 2162 1613 ingressus
2232 1521 2535 1593 castrum
2594 1526 3108 1593 Albemarlense

1237 1630 1442 1714 cepit,
1476 1639 1549 1695 et
1576 1630 2001 1695 Willelmum
2049 1630 2199 1713 ejus
2249 1628 2599 1693 dominum
2653 1647 2809 1692 cum
2860 1630 3103 1693 comite

1237 1729 1511 1795 Simone
1559 1738 1630 1794 et
1670 1729 1982 1812 pluribus
2033 1728 2188 1793 aliis
2244 1728 2332 1792 ad
2389 1728 2804 1792 deditionem
2855 1729 3097 1809 coegit.

1237 1828 1534 1893 Demum
1591 1829 1775 1912 cepit
1842 1835 2145 1893 castrum
2205 1827 2579 1891 Driencurt
2642 1834 2718 1891 et
2772 1827 3093 1891 custodiae

1235 1928 1640 2011 deputavit;
1700 1927 1993 2011 indeque
2050 1927 2138 1991 ad
2181 1934 2484 1991 castrum
2527 1926 2613 1990 de
2657 1925 2907 1990 Archis
2946 1946 3099 2008 pro-

1234 2026 1549 2108 grediens
1610 2027 1841 2091 amisit
1901 2026 1973 2090 in
2034 2026 2276 2090 itinere
2351 2026 2687 2090 Bononiae
2767 2026 3098 2103 comitem,

1233 2126 1415 2191 unde
1445 2146 1672 2191 comes
1708 2125 2149 2190 Flandrensis
2192 2125 2277 2189 de
2322 2132 2540 2189 morte
2572 2124 2846 2188 comitis
2877 2124 3099 2188 fratris

1232 2227 1342 2290 sui
1407 2226 1635 2290 animo
1713 2224 1914 2289 nimis
1980 2231 2454 2289 consternatus
2519 2224 2607 2288 ad
2665 2224 2951 2307 propria
3007 2244 3099 2288 re-

1231 2326 1511 2390 meavit.
1614 2324 1774 2390 Rex
1804 2322 2150 2389 Henricus
2181 2324 2409 2388 senior
2450 2324 2630 2387 inter
2677 2322 2828 2387 haec
2870 2324 3097 2388 omnia

1231 2421 1650 2506 Rothomagi
1702 2424 2119 2500 morabatur,
2164 2442 2365 2506 aequo
2416 2423 2658 2499 animo,
2708 2430 2786 2486 ut
2834 2423 3097 2505 populo

1227 2523 1449 2586 visum
1499 2531 1630 2601 est,
1677 2522 1905 2587 serens
1954 2542 2038 2587 ea
2084 2541 2238 2605 quae
2291 2522 2561 2601 fiebant,
2601 2529 2668 2585 et
2707 2522 2913 2585 solito
2956 2522 3090 2586 sre-

1225 2622 1544 2702 quentius
1607 2622 1892 2687 venatui
1958 2621 2322 2703 indulgens
2382 2622 2471 2686 ad
2526 2640 2599 2684 se
2651 2619 3083 2685 venientibus

1224 2720 1492 2785 vultum
1524 2720 1914 2786 hilariorem
1948 2721 2334 2805 praetendit.
2435 2721 2927 2785 Dilabebantur
2958 2739 3085 2784 au-

1222 2827 1361 2884 tem
1404 2821 1494 2884 ab
1537 2840 1620 2885 eo
1668 2821 1764 2897 hi,
1817 2839 1989 2903 quos
2031 2821 2119 2884 ab
2167 2821 2366 2885 annis
2420 2821 2791 2903 puerilibus
2842 2819 3089 2884 educa-

1222 2927 1442 2999 verat,
1515 2920 1867 2986 credentes
1949 2919 2481 2985 dominationem
2538 2919 2665 2984 filii
2730 2918 2914 2984 illico
2966 2920 3088 2983 im·

1220 3021 1500 3085 minere.
1599 3020 1892 3086 Sedente
1942 3039 2216 3102 quoque
2266 3039 2427 3102 rege
2472 3019 2898 3084 Francorum
2939 3039 3086 3083 cum

1219 3139 1381 3202 rege
1425 3118 1567 3184 filio
1609 3119 1791 3201 regis
1835 3120 1907 3182 in
1951 3118 2304 3184 obsidione
2346 3118 2683 3196 Vernolii,
2728 3139 2854 3183 rex
2898 3127 3085 3202 pater

1217 3219 1494 3283 nuntios
1545 3218 1797 3282 direxit
1846 3219 1934 3283 ad
1985 3237 2216 3299 regem
2271 3217 2718 3295 Francorum,
2757 3219 3084 3283 mandans

1215 3325 1297 3382 ut
1327 3337 1482 3383 cum
1510 3317 1947 3382 festinatione
1980 3336 2024 3380 a
2060 3315 2131 3381 N
2133 3318 2488 3381 ormannia
2518 3318 2892 3394 recederet,
2921 3317 3083 3382 alio·

1215 3419 1380 3498 quin
1460 3418 1683 3501 ipsum
1744 3436 1827 3481 eo
1889 3418 1997 3481 die
2061 3415 2400 3482 hostiliter
2455 3418 2818 3496 visitaret3
2905 3417 3078 3499 quod

1213 3517 1496 3581 audiens
1541 3536 1666 3580 rex
1712 3515 2157 3593 Francorum,
2203 3535 2359 3579 cum
2409 3516 2616 3581 sciret
2656 3535 2887 3599 regem
2934 3515 3076 3579 An·

1209 3614 1480 3695 glorum
1540 3635 1692 3680 esse
1755 3614 2301 3698 potentissimum
2349 3622 2420 3680 et
2475 3616 2708 3680 animo
2751 3634 3068 3691 amarum,

1206 3711 1440 3795 sugam
1497 3714 1671 3778 inire
1719 3714 1952 3797 potius
2005 3733 2211 3797 quam
2271 3734 2580 3797 pugnare
2631 3713 2943 3789 decrevit,
2996 3722 3069 3778 et

1204 3812 1304 3876 sic
1339 3831 1383 3875 a
1412 3812 1586 3876 facie
1617 3815 1803 3894 regis
1849 3811 2231 3895 Anglorum
2263 3813 2532 3894 fugiens
2563 3814 2753 3878 intra
2777 3812 3071 3878 Galliam

1203 3931 1276 3975 se
1307 3930 1461 3975 cum
1489 3911 1928 3977 festinatione
1960 3914 2239 3996 recepit.

1679 4084 1779 4148 De
1804 4082 2177 4149 subversione
2206 4084 2612 4170 Leqocostriae.

879 4227 1001 4276 stege
1016 4230 1066 4270 or
1299 4205 1555 4270 Eodem
1590 4223 1797 4283 anno,
1829 4206 2071 4288 quinto
2104 4226 2319 4271 nonas
2345 4206 2391 4271 J
2397 4207 2546 4284 ulii,
2573 4227 2737 4290 rege
2761 4209 3063 4292 jubente,

1086 4308 1098 4320 '
1198 4298 1510 4370 obsessa²
1541 4303 1981 4386 Legecestria
2022 4306 2294 4384 dicitur,
2335 4326 2417 4370 eo
2453 4306 2636 4388 quod
2677 4326 2906 4370 comes
2948 4307 3064 4370 do·

1263 4489 1647 4555 1Ιῖοείειυιιιιιιιο.]
1670 4490 2110 4554 Diceto,col.570;
2226 4486 2464 4540 'Obsessa
2486 4491 2838 4554 legecestria]
2873 4491 3063 4553 niceto,

1190 4562 1456 4624 Hoveden,
1477 4566 1592 4611 ⁶⁸5.
2158 4559 2254 4610 col.
2276 4563 2387 4610 672.
