3457 5887
1225 836 1355 900 182
1726 827 2014 900 noesm'
2039 853 2133 899 ns
2178 851 2589 900 wssunovsa

909 1028 1018 1067 M>-
1042 1029 1151 1068 nm
1228 1029 1427 1075 verso
1460 1010 1723 1076 irruens
1757 1029 1908 1074 eam
1938 1016 2255 1093 potenter
2285 1006 2554 1086 diffidit,
2585 1015 2654 1072 et
2686 1006 2866 1072 mole
2900 1026 3090 1088 mag-

1229 1110 1560 1175 nitudinis
1616 1128 1947 1194 oppressa
2009 1128 2180 1192 gens
2229 1108 2423 1172 ducis
2478 1106 2813 1173 dissoluta
2866 1114 2971 1171 est
3024 1113 3093 1170 et

1227 1211 1435 1275 victa.
1554 1209 1641 1274 In
1685 1209 1817 1274 hoc
1850 1228 2054 1292 opere
2085 1209 2514 1291 potissimum
2545 1207 2931 1272 laudandus
2965 1205 3095 1270 fuit

1227 1307 1618 1373 willelmus
1651 1308 1738 1373 de
1773 1306 2131 1384 AlbeneiO,
2174 1307 2398 1385 Brito,
2429 1307 2547 1390 qui
2574 1307 2806 1389 gladio
2836 1307 3096 1372 discur-

1231 1428 1387 1472 rens
1444 1409 1625 1471 inter
1685 1408 1869 1472 acies
1929 1414 2245 1472 extracto
2308 1407 2471 1471 belli
2530 1407 2882 1488 negotium
2940 1424 3095 1470 con·

1232 1507 1623 1572 summavit.
1724 1505 1932 1589 Capti
1972 1513 2135 1570 sunt
2186 1507 2423 1588 itaque
2466 1504 2613 1570 dux
2666 1504 3099 1570 Normanno-

1233 1627 1383 1671 rum
1417 1605 1829 1670 fortissimus
1871 1612 1943 1670 et
1983 1606 2223 1672 consul
2269 1605 2639 1669 Moretonii
2668 1604 3095 1684 Willelmus;

1237 1706 1585 1771 Robertus
1632 1725 1798 1771 veno
1842 1704 1929 1769 de
1980 1705 2341 1771 Beleasmo
2374 1704 2542 1787 fuga
2588 1704 2720 1770 sibi
2753 1703 3099 1770 consuluit

1234 1825 1389 1869 cum
1422 1805 1786 1888 complices
1819 1812 2124 1898 {etentos
2162 1803 2548 1888 conspexit.
2621 1797 2641 1835 ¹
2657 1803 2748 1868 In
2775 1803 2912 1869 hoc
2933 1823 3101 1887 quo-

1235 1924 1368 1987 que
1420 1904 1607 1969 facto
1638 1889 1958 1970 'reddidit
2014 1905 2207 1970 Deus
2253 1905 2473 1970 vicem
2517 1903 2856 1982 Roberto,
2903 1923 3102 1987 quem

1235 2024 1390 2069 oum
1420 2005 1494 2068 in
1535 2005 1804 2069 actibus
1844 2003 2496 2088 Hierosolymitanis
2538 2004 2915 2085 gloriosum
2950 2004 3098 2067 red-

1235 2103 1544 2181 didisset,
1612 2103 1922 2169 oblatum
1996 2103 2132 2167 sibi
2191 2104 2455 2187 respuit
2512 2122 2827 2185 regnum,
2883 2104 3099 2185 mag-is

1237 2204 1497 2286 eligens
1553 2203 1771 2285 quieti
1818 2210 1890 2267 et
1939 2201 2219 2268 desidiae
2272 2203 2343 2267 in
2395 2201 2827 2268 Normannia
2880 2202 3100 2270 deser-

1237 2303 1409 2380 vire,
1461 2321 1669 2385 quam
1737 2302 2036 2368 Domino
2085 2321 2327 2385 regum
2376 2302 2679 2366 omnium
2733 2303 2807 2366 in
2865 2311 3105 2367 sancta

1238 2402 1517 2467 civitate
1566 2401 1908 2466 famulari.
2010 2401 2097 2466 In
2145 2401 2351 2486 hujus
2400 2402 2499 2465 rei
2547 2403 2818 2484 signum
2867 2402 3106 2482 eodem

1238 2520 1420 2566 anno
1472 2495 1779 2567 'cometa
1831 2508 2267 2585 apparuerat,
2313 2520 2362 2566 a
2409 2502 2556 2566 sole
2595 2501 2858 2566 distans
2905 2503 3107 2584 quasi

1237 2601 1470 2665 cubito
1516 2620 1680 2678 uno,
1710 2601 1801 2665 ab
1843 2600 2015 2665 hora
2046 2601 2252 2665 tertia
2301 2620 2522 2684 usque
2570 2600 2657 2664 ad
2699 2600 2932 2664 horam
2973 2621 3104 2666 no-

1237 2720 1421 2777 nam,
1457 2700 1724 2765 radium
1764 2719 1856 2764 ex
1896 2720 1972 2765 se
2008 2700 2293 2789 longum
2323 2701 2680 2780 emittens;
2729 2700 2894 2764 visae
2929 2709 3104 2765 sunt

1239 2801 1446 2864 etiam
1489 2800 1563 2863 in
1598 2819 1802 2865 eoena
1846 2799 2124 2865 Domini
2156 2800 2339 2864 lunae
2380 2801 2563 2866 binae
2592 2807 2666 2865 et
2690 2799 2935 2882 plenae,
2960 2819 3107 2864 una

1242 2900 1317 2966 in
1367 2900 1630 2967 oriente
1692 2906 1765 2965 et
1815 2899 2036 2965 altera
2082 2900 2157 2964 in
2210 2899 2584 2966 occidente.
2684 2899 2935 2983 Sicque
2979 2900 3107 2965 im-

1240 2999 1502 3083 pletum
1557 3006 1690 3079 est,
1745 2999 1931 3083 quod
1988 3018 2116 3064 rex
2161 2999 2551 3065 willelmus
2606 2999 2918 3065 Hemieo
2969 2999 3103 3065 filio

1242 3119 1369 3165 suo
1415 3100 1712 3164 moriens
1754 3099 1974 3179 dixit3
2018 3117 2181 3163 nam
2216 3119 2373 3165 cum
2409 3099 2719 3164 Roberto
2765 3099 3104 3165 Norman-

1242 3200 1425 3264 niam
1456 3206 1526 3265 et
1559 3198 1908 3264 Willelmo
1950 3196 2278 3281 Angliam
2321 3199 2609 3281 legaret,
2640 3217 2798 3263 cum
2836 3199 3101 3285 lachry-

1242 3300 1372 3363 mis
1399 3299 1487 3363 ad
1517 3306 1784 3382 patrem
1815 3299 1941 3376 ait,
1970 3303 1991 3333 ‘
2011 3298 2106 3363 Et
2134 3297 2325 3376 mihi,
2353 3306 2575 3381 pater,
2598 3298 2765 3382 quid
2789 3299 3101 3365 tribuis?

1243 3398 1358 3463 cui
1383 3405 1621 3481 pater;
1657 3404 1679 3434 ‘
1696 3398 2017 3481 Quinque
2047 3397 2263 3463 millia
2289 3398 2500 3463 libras
2542 3399 2814 3480 argenti
2841 3398 2930 3464 de
2958 3400 3101 3463 the-

1244 3497 1468 3561 sauris
1519 3500 1689 3563 meis
1735 3497 1862 3562 tibi
1907 3497 1996 3561 do
2018 3497 2060 3577 3’
2114 3497 2202 3561 ad
2250 3497 2398 3562 haee
2446 3497 2834 3578 Hem-icus3
2883 3497 3102 3578 ‘Quid

1242 3595 1488 3660 faciam
1546 3597 1635 3661 de
1689 3596 2039 3674 thesauro,
2088 3596 2151 3660 si
2193 3595 2419 3662 locum
2467 3597 2916 3663 habitationis
2968 3619 3104 3664 non

1243 3695 1545 3759 habuero
1563 3695 1624 3760 ‘t’
1654 3697 1767 3759 cui
1796 3715 1961 3776 rex;
1995 3696 2452 3779 ‘AEquanimis
2482 3704 2656 3776 esto,
2688 3696 2813 3776 fili,
2838 3706 2913 3763 et
2942 3718 3106 3763 oon·

1243 3794 1497 3859 fot-tare
1541 3794 1615 3858 in
1667 3794 2006 3875 Domino;
2051 3795 2334 3879 pacifice
2382 3798 2672 3875 sustine,
2722 3804 2806 3861 ut
2859 3797 3103 3863 stanes

1243 3894 1348 3958 tui
1385 3893 1681 3978 majores
1712 3900 1784 3957 te
1827 3896 2242 3978 praecedant,
2275 3903 2353 3960 tu
2395 3903 2626 3961 autem
2656 3904 2962 3980 tempore
2986 3906 3107 3963 tuo

1241 3993 1565 4058 honorem
1595 4000 1842 4070 totum,
1887 4014 2088 4077 quem
2128 3994 2494 4078 adquisivi,
2536 3996 2843 4073 habebis,
2869 4005 2943 4062 et
2967 3997 3105 4061 sra-

1241 4094 1459 4157 tribus
1493 4092 1632 4157 tuis
1658 4092 1917 4157 divitiis
1944 4101 2014 4158 et
2041 4102 2385 4177 potestate
2409 4096 2819 4180 praestabis!

1260 4281 2154 4349 .¹1n1·oequoquescto.]sonen-
2206 4286 2398 4349 Martii,
2439 4288 2491 4336 in
2533 4302 2763 4350 vespera,
2796 4293 2997 4338 octaua
3030 4294 3109 4338 eet

1238 4369 1297 4416 ry
1318 4354 1375 4405 ot·
1391 4354 1741 4418 Huntingdon,
1760 4370 1812 4416 p.
1837 4359 1948 4406 ⁸⁷9.
2202 4357 2434 4418 quodam
2475 4358 2678 4407 insolita
2720 4358 2887 4419 stella,
2925 4363 2976 4408 et
3017 4373 3106 4420 per

2199 4426 2378 4488 viginti
2392 4427 2614 4490 quinque
2635 4428 2746 4478 dies
2764 4427 2939 4477 eodem
2959 4429 3107 4477 modo

1330 4490 1582 4543 'co-eta
1624 4493 1990 4557 apparacum]
2047 4492 2150 4542 ‘In
2197 4496 3108 4557 eademquehoravisaestluoeoe

1241 4565 1401 4625 prima
1422 4569 1589 4613 autem
1612 4564 1891 4626 septimana
1917 4562 2150 4615 Quadra·
2197 4565 2325 4615 inter
2375 4572 2598 4616 ausu-um
2658 4572 2712 4616 et
2763 4568 3109 4619 occidoeoen:

1242 4636 1463 4697 gesimae,
1508 4638 1652 4683 sexta
1701 4634 1846 4697 feria,
1893 4635 1997 4683 xiv.
2040 4632 2145 4683 kal.
2196 4635 2521 4687 Flet-adan.
2544 4640 2688 4687 11⁰6.
