3457 5887
1177 826 1265 891 90
1674 841 1938 889 uocum
1985 839 2080 887 nn
2124 839 2534 888 wmmovmt

865 1016 973 1056 Δ».
994 1015 1104 1056 ¹0⁹⁷-
1181 1000 1363 1064 fridi.
1479 998 1826 1064 Robertus
1885 1000 2030 1063 dux
2096 998 2648 1063 Normannorum
2711 996 3049 1080 quandam

861 1067 1162 1161 &omnm-⁸.
1185 1101 1367 1183 cepit
1407 1100 1642 1164 urbem
1691 1098 1931 1164 Azena
1982 1107 2325 1176 vocatam,
2373 1106 2442 1163 et
2490 1098 2677 1162 dedit
2723 1117 2877 1160 eam
2929 1117 3055 1162 suo

1182 1199 1383 1263 militi
1414 1198 1736 1264 Simeoni.
1840 1200 2008 1263 Dux
2041 1199 2487 1263 Boamundus
2525 1204 2594 1262 et
2632 1217 2860 1262 comes
2893 1197 3057 1261 Rei-

1184 1299 1477 1363 mundus
1524 1306 1850 1382 ceperunt
1903 1300 2107 1363 aliam
2154 1299 2415 1376 urbem,
2461 1316 2664 1381 quam
2717 1297 2930 1361 Petro
2973 1296 3061 1360 de

1188 1396 1482 1480 Alpibus
1526 1398 1964 1463 contulerunt
1993 1419 2010 1478 ;
2061 1397 2218 1461 inde
2248 1398 2336 1461 ad
2374 1398 2581 1462 Oxan
2620 1396 2911 1479 profecti
2945 1414 3058 1459 ur-

1186 1499 1339 1561 bem
1387 1498 1849 1576 obtinuerunt,
1899 1503 1971 1561 et
2026 1496 2277 1562 Petrus
2327 1497 2412 1562 de
2466 1496 2828 1561 Russilluu
2878 1495 3059 1578 cepit

1189 1597 1446 1661 Rufam
1473 1605 1543 1662 et
1572 1598 1869 1680 plurima
1897 1597 2182 1662 castella
2211 1598 2505 1679 subegit.
2586 1595 2882 1660 Guelfus
2914 1596 3057 1678 qui-

1187 1697 1370 1774 dam,
1421 1698 1699 1762 natione
1750 1697 2191 1780 BurgunduS,
2222 1695 2495 1761 Adama
2537 1696 2773 1760 urbem
2823 1695 3059 1778 subju-

1187 1796 1405 1878 gavit,
1453 1804 1527 1861 et
1571 1796 2001 1861 Tancredum
2052 1797 2639 1878 supervenientem
2685 1796 2759 1859 in
2812 1814 2897 1858 ea
2946 1794 3060 1857 be·

1188 1895 1395 1977 nigne
1411 1897 1734 1978 suscepit.
1797 1896 2196 1960 Tancredus
2217 1896 2379 1960 inde
2397 1896 2743 1978 profectus
2775 1888 2791 1925 ¹
2809 1894 2887 1958 M
2894 1914 3056 1958 aun-

1188 2002 1403 2058 stram
1435 1996 1647 2073 venit,
1688 2003 1783 2073 et,
1817 1994 2063 2059 Turcis
2099 1995 2497 2072 interfectis,
2544 1996 2779 2059 urbem
2829 1994 3059 2077 subju-

1191 2095 1428 2176 gavit3
1471 2094 1631 2159 inde
1660 2096 1749 2160 ad
1779 2094 2108 2159 minorem
2124 2093 2617 2159 Alexandriam
2645 2093 3057 2158 descendens

1193 2195 1427 2258 urbem
1470 2195 1770 2259 obtinuit
1811 2202 1882 2259 et
1908 2195 2330 2278 provinciam
2359 2195 2489 2258 sibi
2519 2201 2735 2259 totam
2768 2193 3056 2275 subegit.

1195 2293 1660 2373 Baldewinus,
1699 2294 1914 2359 frater
1959 2293 2152 2359 ducis
2184 2292 2564 2372 Godefridi,
2611 2294 2698 2357 ad
2733 2293 3055 2378 majorem

1196 2411 1542 2458 reversum
1581 2395 1982 2472 exercitum,
2022 2400 2376 2478 assumpta
2414 2394 2680 2471 militia,
2716 2394 2792 2456 in
2832 2400 3060 2476 partes

1196 2493 1763 2576 septentrionales
1789 2493 2164 2571 descendit,
2199 2501 2270 2558 et
2312 2493 2656 2575 regionem
2699 2499 2922 2557 totam
2957 2512 3063 2556 us-

1198 2612 1332 2675 que
1396 2593 1484 2657 ad
1540 2593 1960 2676 Euphratem
2009 2594 2081 2658 in
2124 2612 2254 2657 sua
2305 2592 2470 2678 jura
2527 2592 2826 2675 recepit:
2898 2592 3062 2656 exiit

1199 2711 1364 2772 ergo
1413 2693 1600 2757 fama
1655 2693 1808 2777 ejus
1858 2693 1949 2756 ad
1990 2693 2175 2757 cives
2234 2692 2644 2770 EdessanOS,
2697 2691 2818 2776 qui
2881 2698 3063 2756 trans

1202 2791 1452 2855 flumen
1484 2793 1911 2870 habitabant,
1940 2791 2121 2875 quod
2152 2799 2386 2857 tantus
2416 2793 2730 2876 princeps
2758 2792 2843 2855 de
2866 2799 3063 2874 gente

1201 2892 1571 2958 occidentis
1595 2893 1992 2971 advenerat,
2017 2886 2171 2976 'qui
2196 2899 2519 2958 vocantes
2542 2897 2697 2957 eum
2723 2889 3065 2956 humiliter

1204 2994 1564 3074 rogabant,
1590 3001 1669 3058 ut
1711 2994 1841 3057 sibi
1888 3001 1960 3058 et
2005 3012 2147 3057 suae
2190 2993 2456 3057 civitati
2496 2998 2792 3077 praeesse
2830 2992 3066 3074 digna„-

1204 3100 1415 3159 retur.
1512 3087 1678 3158 ’Est
1707 3101 1936 3157 autem
1970 3086 2229 3157 Edessa
2264 3094 2511 3169 nobilis
2548 3092 3063 3176 Mesopotamiae

1203 3192 1472 3270 civitas,
1526 3212 1680 3276 quae
1734 3193 1873 3257 alio
1916 3194 2188 3256 nomine
2232 3192 2468 3275 Rages
2521 3193 2930 3276 appellatur,
2982 3193 3062 3255 ad

1205 3311 1412 3374 quam
1460 3292 1717 3356 Tobias
1765 3293 1989 3357 senior
2022 3293 2310 3357 Tobiam
2353 3293 2566 3356 filium
2611 3312 2809 3357 suum
2863 3291 3064 3369 misit,

1204 3398 1285 3454 ut
1314 3411 1357 3454 a
1389 3390 1654 3454 Gabelo
1684 3399 1980 3472 cognato
2010 3411 2137 3457 suo
2171 3400 2556 3475 reposceret
2596 3392 2828 3457 decem
2857 3392 3063 3456 talen-

1205 3496 1317 3567 ta;
1375 3490 1462 3553 ad
1506 3488 1683 3554 hanc
1725 3491 2007 3556 veniens
2058 3492 2520 3570 BaldewinuS,
2572 3511 2617 3557 a
2662 3492 2837 3557 duce
2883 3493 3066 3556 urbis

1204 3595 1278 3652 et
1336 3589 1590 3672 populo
1659 3590 1980 3655 universo
2053 3610 2206 3656 cum
2278 3590 2499 3675 gloria
2570 3592 2946 3675 suscipitur
3001 3599 3065 3655 et

1203 3686 1475 3753 honore.
1560 3689 1735 3755 Inde
1765 3692 1997 3754 urbem
2033 3690 2463 3756 Samosatum
2491 3692 2885 3769 adveniens,
2919 3711 3067 3755 cum

1202 3788 1486 3854 vidisset
1532 3808 1680 3855 eam
1730 3792 1927 3874 quasi
1978 3792 2597 3874 inexpugnabilem,
2643 3793 2824 3856 datis
2874 3810 3067 3855 aure-

1204 3907 1397 3952 orum
1420 3890 1649 3955 decem
1678 3890 2004 3969 millibus,
2037 3893 2201 3955 emit
2220 3911 2372 3956 eam
2394 3912 2437 3956 a
2468 3891 2639 3956 duce
2671 3892 2973 3957 civitatis
3003 3899 3069 3955 et

1202 3987 1274 4051 in
1303 4008 1433 4053 sua
1464 3990 1628 4074 jura
1655 3991 1950 4074 recepit;
2004 3998 2074 4055 et
2100 3991 2257 4056 inde
2288 3993 2377 4056 ad
2416 3991 2807 4074 Soror-giam
2851 4000 3069 4055 trans-

1272 4205 2042 4274 ¹Maunstrmn.]‘Mamist1-am,’
2055 4212 2115 4261 G.
2164 4212 2341 4260 reader
2382 4225 2498 4272 may
2527 4211 2627 4260 find
2668 4225 2700 4259 a
2734 4210 2956 4259 detailed
2993 4224 3072 4258 ac-

1274 4273 1404 4341 'Qui
1440 4284 1659 4329 vocantes
1689 4281 1839 4344 eum]
1889 4281 1996 4330 The
2029 4295 2117 4343 go·
2166 4286 2317 4331 count
2328 4280 2386 4330 of
2399 4281 2485 4330 the
2499 4281 2776 4330 revolution
2790 4279 2850 4328 of
2865 4279 3073 4340 Edessa,

1203 4360 1379 4395 vernor
1398 4346 1456 4395 of
1470 4348 1665 4397 Edessa
1685 4354 1740 4397 at
1759 4350 1859 4398 this
1872 4352 1992 4399 time
2007 4366 2115 4399 was
2165 4351 2405 4401 collected
2430 4351 2555 4400 from
2575 4351 2755 4399 Albert
2777 4349 2836 4398 of
2854 4351 2955 4398 Aix
2976 4349 3071 4398 and

1201 4415 1477 4479 Theodore,
1518 4433 1574 4466 or
1613 4418 1821 4479 Thoros,
1857 4434 1891 4468 a
1925 4420 2117 4483 Greek,
2164 4420 2304 4472 wiu.
2348 4421 2407 4470 of
2453 4421 2603 4483 Tyre,
2643 4421 2911 4482 compared
2953 4419 3070 4467 with

1200 4485 1378 4546 placed
1416 4486 1554 4536 there
1592 4488 1660 4549 by
1691 4488 1776 4539 the
1809 4503 2034 4552 emperor
2064 4490 2122 4539 of
2165 4492 2409 4540 Matthew
2431 4490 2489 4539 of
2504 4491 2715 4539 Edessa.

1200 4555 1623 4619 Constantinople.
1695 4558 1960 4622 Michaud,
1977 4561 2113 4610 Hist.
2234 4558 2254 4588 ⁸
2289 4562 2381 4609 Est
2401 4565 2558 4610 autem
2573 4558 2796 4621 Edem-J
2829 4558 3069 4621 Compare

1198 4624 1289 4675 des
1327 4626 1488 4678 Ornis.
1524 4629 1559 4679 i.
1591 4643 1643 4689 p.
1674 4633 1790 4691 254,
1826 4628 1992 4680 where
2029 4630 2113 4679 the
2164 4632 2270 4680 also
2296 4631 2436 4681 Will.
2460 4630 2513 4679 of
2529 4631 2681 4692 Tyro,
2701 4644 2754 4692 p.
2778 4632 2890 4678 682.
