3457 5887
826 1025 936 1067 ΑΔ).
960 1030 1072 1068 1151.

828 1077 995 1127 Legend
1012 1079 1060 1118 of

826 1129 900 1167 the
916 1129 1042 1168 death
1059 1130 1108 1168 of

828 1177 900 1217 the
923 1189 1125 1229 emperor.

1148 836 1279 902 252
1658 848 1926 898 nocam
1973 848 2067 895 οε
2113 843 2522 893 wmwovnu

1152 1017 1280 1074 tes,
1361 1007 1566 1088 Quod
1602 1009 1839 1072 videns
1888 1009 2263 1089 imperator
2290 1004 2741 1068 contristatus
2768 1008 2875 1064 est
2908 1021 3026 1064 ve-

1152 1110 1525 1186 hementer,
1578 1116 1649 1172 et
1690 1108 1903 1192 jussit
1951 1105 2280 1169 ministris
2345 1105 2517 1179 suiS,
2560 1110 2663 1178 ut,
2720 1101 3024 1182 expulsis

1154 1211 1241 1273 ab
1281 1210 1573 1273 ecclesia
1616 1208 2023 1271 scismaticis
2066 1205 2228 1282 illis,
2261 1204 2579 1268 sedarent
2617 1201 3023 1278 tumultum;

1153 1309 1335 1391 quod
1401 1327 1557 1372 cum
1615 1307 1874 1373 factum
1942 1306 2208 1381 fuisset,
2263 1304 2636 1386 imperator
2702 1301 3024 1382 praelatos

1153 1410 1308 1473 illos
1370 1409 1675 1489 graviter
1736 1407 2092 1489 increpans
2146 1405 2357 1488 jussit
2412 1411 2490 1466 ut
2537 1401 2868 1465 violatam
2920 1421 3024 1464 re-

1153 1508 1599 1573 conciliarent
1641 1505 2022 1582 ecclesiam,
2067 1523 2153 1567 ne
2215 1504 2285 1566 in
2341 1510 2539 1566 tanta
2593 1500 3023 1564 solemnitate

1154 1628 1197 1672 a
1227 1609 1585 1686 missarum
1632 1606 1977 1688 obsequiis
2020 1603 2404 1668 defraudati
2451 1600 2751 1684 Spiritus
2791 1599 3022 1664 Sancti

1152 1708 1609 1791 praepedirent
1647 1706 2041 1769 adventum.
2145 1702 2398 1766 Sedato
2440 1703 2680 1783 itaque
2730 1700 3024 1764 tumultu

1152 1816 1222 1871 et
1268 1807 1560 1872 ecclesia
1604 1813 1956 1886 utcunque
2001 1802 2461 1878 reconciliata,
2492 1800 2887 1864 inchoatum
2918 1808 3023 1864 est

1152 1907 1377 1970 missae
1405 1905 1723 1982 officium,
1755 1912 1827 1968 et
1847 1904 2007 1968 licet
2043 1911 2294 1966 temere
2315 1900 2559 1964 fuisset
2588 1897 3016 1977 attentatum,

1151 2007 1331 2071 sicut
1365 2006 1857 2080 rerumexitus
1903 2003 2252 2069 evidenter
2293 1998 2618 2076 ostendit,
2652 2007 2874 2063 tamen
2898 2019 3014 2062 us-

1151 2126 1285 2188 que
1339 2106 1426 2169 ad
1473 2105 1817 2187 evangelii
1870 2101 2508 2187 pronunciationem
2568 2106 2678 2162 est
2737 2099 3019 2181 perduc-

1153 2213 1297 2269 tum
1335 2226 1354 2285 3
1420 2205 1539 2269 sed
1604 2225 1759 2269 cum
1827 2204 2075 2268 chorus
2135 2201 2582 2265 novissimum
2648 2199 3018 2282 sequentiae

1151 2324 1423 2369 versum
1459 2311 1953 2387 percantasset,
1989 2309 2009 2338 ‘
2044 2301 2255 2366 Hunc
2297 2301 2474 2364 diem
2515 2300 2892 2382 gloriosum
2927 2298 3019 2361 se-

1150 2406 1353 2482 cisti,'
1398 2406 1656 2469 levavit
1705 2423 1944 2468 vocem
1990 2422 2185 2466 suam
2230 2399 2543 2465 diabolus
2587 2399 2659 2462 in
2701 2398 3020 2476 excelsiS,

1150 2513 1218 2568 et
1275 2505 1594 2569 distincte
1641 2504 1728 2567 ad
1777 2503 2318 2585 intelligendum,
2368 2500 2626 2564 cunctis
2674 2498 3020 2561 audienti-

1148 2605 1301 2681 buS,
1335 2612 1616 2669 cantare
1653 2602 1890 2686 coepit,
1941 2608 1961 2637 ‘
1996 2601 2205 2666 Hunc
2241 2600 2421 2663 diem
2450 2599 2830 2662 bellicosum
2873 2617 3011 2679 ego

1147 2704 1323 2767 seci.'
1428 2703 1634 2768 Hanc
1679 2704 1916 2785 itaque
1944 2721 2181 2766 vocem
2229 2700 2403 2764 adeo
2452 2697 2803 2763 terribilem
2847 2715 3008 2760 cum

1146 2822 1381 2868 omnes
1429 2803 1957 2878 intellexissent,
1991 2801 2495 2865 contuebantur
2527 2816 2671 2861 sese
2713 2796 2800 2860 ad
2832 2797 3012 2860 invi-

1144 2923 1290 2968 cem
1343 2903 1621 2986 singuli,
1652 2901 2067 2967 admirantes
2113 2900 2276 2984 quid
2331 2900 2459 2964 hoc
2512 2905 2712 2963 esset.
2812 2896 3015 2961 Tunc

1143 3006 1538 3087 imperator,
1590 3004 1706 3086 qui
1742 3003 1849 3067 vir
1895 3011 2044 3066 erat
2082 3001 2381 3084 prudens
2428 3007 2500 3063 et
2549 2999 2841 3063 devotus
2887 2997 3014 3061 Dei

1144 3105 1393 3182 cultor,
1444 3103 1930 3168 animadvertit
1973 3120 2211 3166 vocem
2274 3119 2427 3163 esse
2483 3098 2812 3163 Sathanae
2863 3098 3016 3161 sub-

1142 3204 1500 3267 sannantis
1545 3210 1615 3266 et
1661 3201 2184 3284 improperantis
2233 3208 2376 3264 tam
2418 3218 2698 3263 enorme
2747 3197 3013 3261 dissidi-

1144 3324 1259 3367 um
1293 3304 1759 3385 praelatorum,
1799 3310 1870 3366 et
1900 3301 2226 3384 praecepit
2255 3300 2607 3375 continuo,
2640 3305 2722 3361 ut
2754 3296 3011 3360 archie-

1142 3405 1490 3486 piscopus,
1521 3404 1639 3485 qui
1670 3403 1950 3467 missam
1992 3407 2142 3465 erat
2186 3399 2676 3475 celebraturuS,
2712 3397 3010 3460 casulam

1143 3503 1514 3586 deponeret
1531 3503 1746 3567 donec
1773 3521 1979 3584 super
1994 3507 2191 3565 tanta
2210 3500 2465 3583 injuria
2491 3498 2781 3581 Spiritui
2801 3497 3008 3561 Sauc-

1140 3609 1212 3665 to
1252 3601 1429 3666 foret
1471 3601 1925 3679 satisfactum,
1973 3601 2092 3682 qui
2130 3619 2213 3663 ea
2249 3599 2360 3662 die
2402 3600 2581 3663 solet
2624 3597 2824 3662 donis
2867 3597 3007 3659 suis

1137 3701 1443 3783 mysticis
1470 3701 1680 3765 corda
1719 3701 2018 3764 fidelium
2048 3700 2415 3764 illustrare.
2485 3698 2756 3763 Deinde
2792 3696 3009 3759 famu-

1137 3800 1240 3864 los
1272 3820 1434 3864 suos
1463 3800 1742 3863 mittens
1773 3820 1898 3883 per
1923 3800 2190 3884 plateas
2212 3807 2282 3863 et
2301 3800 2491 3863 vicos
2518 3797 2824 3862 civitatis
2851 3795 3014 3860 fecit

1135 3900 1499 3964 convenire
1533 3919 1872 3983 pauperes
1907 3920 2141 3965 omnes
2177 3907 2248 3963 et
2285 3898 2541 3962 debiles
2575 3897 2756 3961 insra
2797 3897 3011 3960 eccle-

1136 4000 1309 4064 siam
1361 4000 1686 4065 violatam
1743 4008 1813 4064 et
1857 4007 2110 4079 extra3
2163 3998 2539 4063 esurientes
2589 3999 2807 4080 pavit,
2861 3997 3010 4060 siti-

1136 4108 1329 4164 entes
1360 4101 1654 4184 potavit,
1687 4102 1907 4165 nudos
1935 4100 2239 4177 vestivit,
2270 4099 2735 4162 calceamenta
2778 4116 3009 4161 neces-

1135 4201 1409 4264 sitatem
1445 4202 1856 4265 habentibus
1894 4200 2250 4281 erogavit3
2296 4199 2381 4262 de
2415 4199 2692 4262 senibus
2727 4205 2799 4261 et
2830 4196 3005 4261 vale-

1133 4301 1516 4379 tudinariis,
1565 4302 1684 4383 qui
1735 4302 1807 4364 in
1860 4300 2164 4382 grabatis
2207 4299 2537 4382 jacebant
2583 4317 2707 4380 per
2748 4298 3006 4371 urbem,

1130 4398 1308 4463 idem
1360 4401 1546 4477 fecit,
1593 4419 1872 4464 aureum
1931 4398 2220 4481 singulis
2266 4399 2574 4475 donavit,
2639 4397 3005 4480 injungens

1130 4500 1416 4572 cuncti&
1470 4507 1546 4562 ut
1598 4500 1901 4563 divinam
1952 4499 2392 4582 implorarent
2448 4495 3004 4572 misericordiam,

1129 4619 1212 4662 ne
1247 4599 1502 4682 populo
1538 4619 1663 4663 suo
1704 4601 2073 4683 imputaret
2122 4599 2559 4681 praelatorum
2614 4597 3005 4679 superbiam
