3457 5887
1179 771 1266 836 64
1680 783 1944 832 nocmu
1993 782 2085 829 ns
2129 781 2535 830 wannovnn

868 957 979 1046 ἓν.
997 959 1106 1046 ‘2⁹⁸‘
1182 948 1321 1005 tem
1364 938 1588 1004 acrius
1631 937 2046 1017 affligebant.
2149 936 2397 1001 Petrus
2448 945 2676 1001 autem
2726 936 3049 1001 fraternis

866 1012 1077 1097 n‘ss‘r‘xiu‘tf
1183 1039 1599 1122 compatiens
1628 1038 1940 1113 miseriis,
1972 1056 2124 1099 cum
2157 1036 2539 1122 lachrymas
2569 1035 2886 1100 cohibere
2916 1057 3049 1102 non

1184 1146 1439 1222 posset,
1496 1135 1902 1219 patriarchae
1975 1136 2344 1217 respondit,
2415 1142 2435 1170 ‘
2469 1136 2791 1211 NoveriS,
2855 1146 3049 1218 pater

1183 1246 1440 1313 sancte,
1486 1235 1669 1317 quod
1716 1235 2003 1299 ecclesia
2047 1234 2361 1299 Romana
2411 1242 2482 1298 et
2536 1236 2877 1318 principes
2939 1255 3049 1299 oc-

1182 1324 1492 1410 cidentis,
1540 1335 1601 1397 si
1650 1332 1858 1417 hujus
1900 1333 2308 1397 calamitatis
2345 1332 2739 1414 diligentem
2791 1342 2863 1397 et
2917 1335 3044 1398 fide

1185 1436 1464 1517 dignum
1505 1432 1831 1497 haberent
1867 1433 2365 1509 instructorem,
2398 1440 2744 1497 tentarent
2772 1434 3045 1514 procul·

1182 1534 1389 1598 dubio
1417 1534 1523 1597 his
1549 1532 1746 1595 malis
1775 1531 2021 1595 vestris
2051 1531 2347 1595 remedia
2373 1550 2738 1614 procurare
2762 1552 2780 1608 ;
2829 1533 3048 1595 scribe

1183 1634 1394 1715 igitur
1422 1631 1841 1713 diligentius,
1883 1638 2024 1694 tam
2061 1630 2335 1693 domino
2380 1650 2579 1713 papae
2622 1639 2693 1694 et
2739 1632 3046 1695 ecclesiae

1186 1733 1542 1808 Romanae,
1563 1749 1768 1812 quam
1799 1730 2072 1811 regibus
2098 1737 2170 1792 et
2201 1728 2615 1811 principibus
2648 1730 3044 1806 occidentis,

1184 1839 1255 1895 et
1304 1851 1434 1912 ego
1488 1849 1613 1912 pro
1664 1829 1959 1892 remedio
2015 1828 2260 1891 animae
2303 1847 2495 1904 meae,
2538 1836 2817 1892 auctore
2867 1828 3043 1906 Deo,

1184 1938 1464 2012 paratus
1508 1947 1625 1992 ero
1675 1945 2126 1989 aerumnarum
2178 1934 2552 1991 vestrarum
2602 1927 3045 1992 immensitati

1185 2028 1573 2111 protestari,
1628 2032 1700 2088 et
1762 2025 1850 2088 ad
1906 2025 2273 2088 remedium
2332 2026 2834 2107 procurandum
2895 2028 3042 2089 uni-

1184 2145 1419 2191 versos
1468 2132 1538 2189 et
1590 2124 1896 2205 singulos
1938 2122 2271 2188 invitare?
2311 2136 2324 2147 '
2378 2123 2654 2188 Placuit
2705 2144 2929 2189 sermo
2972 2128 3040 2189 in

1183 2225 1400 2291 oculis
1437 2232 1578 2288 tam
1621 2221 2025 2305 patriarchae
2060 2241 2265 2304 quam
2301 2222 2716 2287 adstantium
2753 2225 3042 2307 populo-

1184 2344 1358 2400 rum,
1401 2332 1492 2400 et,
1525 2322 1850 2404 impensis
1881 2321 2255 2402 gratiarum
2286 2322 2690 2398 actionibus,
2720 2324 2872 2387 viro
2907 2324 3038 2387 Dei

1182 2425 1509 2505 scriptum
1554 2422 1912 2505 porrigunt
1954 2420 2396 2502 postulatum.
2496 2419 2769 2486 Accidit
2811 2431 3038 2487 autem

1183 2523 1293 2588 die
1324 2522 1641 2604 quadam,
1682 2539 1835 2583 cum
1865 2519 2230 2601 praedictus
2262 2518 2392 2582 Dei
2430 2519 2725 2583 famulus
2760 2520 2844 2583 de
2887 2522 3036 2584 red·

1181 2622 1285 2686 itu
1317 2621 1405 2684 ad
1435 2620 1732 2703 propria,
1761 2637 1885 2700 pro
1912 2617 2253 2699 implenda
2291 2618 2629 2700 legatione
2668 2627 3039 2702 assumpta,

1180 2720 1476 2803 amplius
1506 2719 1708 2783 solito
1743 2725 1923 2781 esset
1962 2716 2317 2792 sollicitus,
2347 2717 2702 2780 ecclesiam
2731 2718 3039 2782 Domini-

1176 2839 1279 2884 cae
1310 2818 1821 2883 resurrectionis
1850 2816 2196 2896 ingressus
2223 2822 2352 2887 est,
2382 2815 2467 2879 ad
2501 2816 2754 2879 fontem
2783 2818 3037 2880 miseri-

1180 2918 1426 2985 cordiae
1472 2924 1621 2982 tota
1668 2914 2028 2980 devotione
2071 2933 2446 2991 recurrenS,
2491 2916 2606 2979 ubi
2665 2935 2820 2980 cum
2884 2936 3034 3000 per-

1180 3027 1466 3083 noctans
1494 3015 1749 3098 vigiliis
1790 3021 1861 3079 et
1903 3014 2319 3078 orationibus
2357 3015 2686 3095 fatigatus
2730 3016 2804 3079 in
2850 3018 3038 3098 pavi.

1181 3125 1407 3182 mento
1455 3115 1797 3186 decubuit,
1845 3118 1923 3176 ut
1969 3131 2208 3176 somno
2256 3113 2680 3178 satisfaceret
2730 3113 3036 3192 irruenti,

1179 3216 1361 3280 illico
1402 3233 1645 3296 sopore
1676 3213 2096 3292 interceptus
2126 3211 2298 3275 vidit
2337 3213 2466 3275 sibi
2497 3213 2772 3277 adstare
2799 3214 3037 3278 Domi·

1180 3334 1341 3377 num
1374 3313 1420 3378 J
1426 3331 1613 3375 esum
1649 3310 2020 3386 Christum,
2059 3311 2174 3391 qui
2227 3310 2591 3394 injungens
2643 3313 2707 3376 ei
2755 3312 3038 3394 legatio-

1180 3433 1332 3477 nem
1388 3409 1807 3493 praemissam
1854 3408 2054 3485 dixit,
2102 3415 2122 3443 ‘
2147 3409 2388 3490 Surge,
2439 3409 2669 3487 Petre,
2728 3431 3039 3494 propera,

1178 3519 1249 3576 et
1278 3509 1652 3592 intrepidus
1684 3525 1960 3589 perage,
1995 3526 2149 3590 quae
2179 3506 2301 3571 tibi
2332 3517 2492 3573 sunt
2522 3511 2853 3594 injuncta,
2889 3511 3036 3593 Ego

1177 3612 1357 3675 enim
1402 3617 1624 3673 tecum
1669 3626 1831 3684 ero;
1889 3614 2156 3688 tempus
2198 3615 2303 3670 est
2342 3608 2519 3671 enim
2554 3617 2632 3672 ut
2664 3619 3039 3691 purgentur

1176 3718 1441 3785 sancta,
1469 3716 1541 3773 et
1578 3706 1745 3770 meis
1779 3705 2219 3769 subveniatur
2251 3705 2507 3770 servis!
2582 3708 3043 3790 Expergesac-

1179 3821 1290 3876 tus
1334 3809 1581 3873 Petrus
1625 3813 1693 3870 et
1739 3805 1821 3868 de
1860 3805 2118 3868 visione
2168 3805 2614 3883 confortatus,
2660 3815 2871 3889 atque
2916 3809 3035 3872 ad-

1177 3908 1614 3975 monitionem
1656 3904 1954 3968 divinam
1989 3903 2424 3985 amplectenS,
2470 3905 2872 3989 intrepiduS,
2915 3909 3038 3971 im-

1176 4012 1393 4092 piger,
1423 4025 1648 4071 moras
1691 4002 1970 4084 rumpit,
2013 4010 2105 4079 et,
2139 4002 2324 4067 facta
2356 4005 2685 4082 oratione,
2725 4005 2814 4068 ad
2853 4027 3038 4071 mare

1176 4109 1461 4172 festinus
1503 4106 1727 4168 viator
1770 4100 2162 4179 descendit3
2217 4103 2333 4165 ubi
2376 4121 2617 4166 navem
2663 4105 3036 4169 ascendens

1174 4223 1500 4288 prospera
1527 4201 1965 4281 navigatione
1999 4200 2084 4262 ad
2121 4199 2372 4263 Barum
2409 4204 2741 4283 pervenit,
2770 4212 2842 4267 et
2883 4205 3039 4269 inde

1177 4304 1469 4368 Romam
1525 4299 1867 4383 profectus
1925 4317 2172 4381 papam
2234 4299 2586 4364 Urbanum
2641 4303 2916 4384 reperit,
2966 4312 3036 4368 et

1171 4400 1574 4487 patriarchae
1616 4398 1851 4462 literas
1884 4396 2340 4480 fideliumque,
2374 4401 2492 4481 qui
2533 4399 3034 4483 Hierosolymis

1169 4509 1388 4577 erant,
1417 4498 1794 4583 porrigenS,
1824 4516 2055 4560 eorum
2091 4497 2397 4561 miserias
2439 4507 2508 4563 et
2540 4506 2740 4563 terrae
2773 4509 3031 4564 sanctae
