3457 5887
879 795 1154 845 smnus
1199 795 1732 846 msa-omnum.
2095 764 2233 848 '123

357 971 516 1017 nem
575 971 731 1017 esse
788 954 1119 1019 sciebant.
1259 953 1652 1020 obstabant
1708 954 1923 1019 Turci
1983 956 2233 1021 ibidem
2259 974 2500 1074 ἑκυρὲ

356 1053 545 1116 omni
595 1071 733 1135 qua
782 1060 1100 1135 poterant
1138 1054 1434 1133 virtute3
1483 1055 1562 1118 fit
1603 1056 1698 1118 ibi
1750 1054 1908 1119 hinc
1958 1063 2029 1120 et
2074 1056 2234 1121 inde
2257 1075 2551 1116 mem-au.

358 1152 805 1233 gravissimus
835 1153 1213 1238 conflictus,
1246 1155 1658 1219 resonabant
1687 1173 1898 1218 aeneae
1932 1155 2234 1219 cassides

358 1257 694 1333 tanquam
735 1270 1076 1335 percussae
1117 1253 1425 1330 incudes,
1477 1253 1794 1318 scintillae
1842 1272 1930 1318 ex
1974 1255 2234 1318 ictuum

359 1351 717 1415 collisione
789 1353 1346 1435 prorumpebant,
1412 1371 1610 1417 enses
1672 1351 1868 1417 velut
1930 1355 2235 1418 tonitrua

360 1451 787 1532 mugiebant,
821 1451 1130 1516 homines
1176 1453 1346 1516 eliso
1380 1454 1656 1516 cerebro
1686 1452 1874 1516 humi
1916 1471 2235 1535 procum-

362 1551 642 1627 bebant,
691 1550 917 1615 loricae
976 1552 1487 1634 rumpebantur,
1530 1558 1698 1615 exta
1749 1551 2235 1630 fundebantur,

364 1649 529 1731 equi
590 1649 984 1715 fatiscentes
1037 1651 1401 1727 sudabant,
1465 1650 1658 1715 nulla
1715 1652 2061 1733 equitibus
2124 1672 2233 1716 re-

365 1749 564 1831 quies
598 1751 1055 1830 praestabatur
1080 1771 1098 1829 ;
1136 1751 1411 1833 agmina
1437 1757 1757 1815 conserta
1787 1752 1977 1815 tenui
2008 1769 2235 1816 armo·

364 1867 519 1910 rum
562 1847 948 1913 discrimine
978 1850 1101 1914 vix
1142 1869 1185 1913 a
1224 1851 1469 1932 seipsis
1505 1850 1655 1934 jam
1701 1850 2073 1927 distabant,
2116 1851 2236 1915 alii

364 1946 546 2010 alios
610 1949 918 2012 cominus
980 1949 1425 2030 impetebant,
1477 1956 1547 2012 et
1597 1968 1842 2012 manus
1896 1949 2236 2027 manibus,

361 2045 579 2128 pedes
640 2046 948 2127 pedibus,
1010 2063 1297 2128 corpora
1353 2049 1747 2130 corporibus
1799 2049 2235 2130 repellebant.

364 2144 686 2207 Tandem
716 2163 868 2207 cum
901 2146 1220 2227 utrinque
1243 2145 1535 2209 victoria
1560 2146 1925 2211 fluctuaret
1952 2149 2240 2224 incerta,

372 2262 536 2307 ecce
562 2243 650 2307 ab
679 2243 847 2326 ipsis
875 2245 1218 2307 montibus
1242 2246 1434 2308 visus
1462 2252 1567 2309 est
1596 2247 1939 2309 exercitus
1965 2246 2243 2311 descen-

374 2342 538 2406 dere
577 2343 1011 2418 invincibiIiS,
1048 2343 1247 2426 cujus
1290 2345 1655 2408 bellatores
1686 2345 1882 2427 equis
1926 2345 2099 2408 albis
2142 2347 2246 2409 in-

369 2441 672 2505 sidentes
698 2442 956 2506 vexilla
988 2443 1059 2505 in
1095 2444 1406 2507 mam'bus
1437 2444 1733 2508 candida
1757 2444 2243 2526 praeferebant3

368 2550 841 2622 cognoverunt
878 2561 1045 2623 ergo
1084 2544 1450 2626 principes,
1495 2563 1585 2608 ex
1617 2544 2041 2626 inspectione
2072 2563 2245 2608 vex-

369 2641 667 2718 illorum,
688 2648 1004 2705 sanctum
1025 2641 1427 2724 Georgium,
1453 2651 1769 2706 sanctum
1798 2643 2243 2722 Demetrium,

371 2747 442 2804 et
468 2748 785 2804 sanctum
814 2734 833 2772 ¹
851 2740 1267 2805 Mercurium
1292 2762 1421 2806 sua
1446 2744 1648 2824 signa
1678 2750 2040 2825 sequentes
2071 2762 2248 2826 prae-

375 2839 657 2918 cedere3
704 2859 861 2921 quae
898 2840 1098 2917 visio,
1141 2842 1318 2904 sicut
1365 2841 1731 2905 Saracenis
1774 2844 2063 2906 incussit
2108 2849 2247 2906 ter-

378 2958 629 3016 rorem,
672 2939 773 3003 ita
819 2938 1225 3004 Christianis
1271 2961 1461 3024 spem
1496 2941 1788 3007 contulit
1829 2942 2247 3026 ampliorem.

384 3036 549 3101 Hoc
610 3058 747 3102 non
802 3058 1035 3103 omnes
1087 3039 1317 3103 videre
1375 3048 1774 3125 potuerunt,
1830 3042 1950 3105 sed
2004 3044 2251 3124 quibus

382 3137 581 3201 Deus
624 3157 822 3201 suum
871 3157 1193 3202 arcanum
1238 3140 1459 3203 voluit
1508 3141 1858 3220 revelare3
1920 3141 2255 3206 revelavit

378 3243 615 3301 autem
651 3237 899 3301 Turcis
936 3238 1021 3302 ad
1062 3239 1552 3317 confusionem,
1597 3239 1752 3303 aliis
1799 3240 1887 3304 ad
1930 3240 2253 3306 instantis

374 3336 712 3419 triumphi
741 3339 1221 3415 ostensionem,
1255 3340 1533 3421 cognito
1571 3341 1776 3416 enim,
1809 3347 1889 3403 ut
1929 3340 2252 3418 diximus,

375 3435 607 3517 signo,
663 3435 871 3500 Turci
924 3438 1254 3503 velociter
1304 3437 1753 3520 aufugiebant
1793 3439 2091 3517 tremuli,
2132 3459 2249 3503 su-

377 3533 792 3623 pellectilem
852 3535 1052 3598 nimis
1111 3538 1480 3618 pretiosam
1546 3539 2062 3621 relinquentes3
2118 3540 2251 3603 visi

379 3648 551 3697 sunt
583 3635 786 3697 etiam
821 3653 863 3698 a
895 3635 1241 3699 nonnullis
1295 3636 1524 3717 angeli
1567 3638 1638 3699 in
1672 3657 1831 3700 aere
1857 3638 2254 3715 volitantes,

379 3741 459 3796 et
487 3752 693 3815 super
721 3733 987 3797 Turcos
1013 3733 1351 3816 fugientes
1376 3736 1607 3817 ignem
1635 3736 2032 3800 fulmineum
2052 3738 2255 3821 jacu-

380 3832 634 3897 lantes.
737 3832 1217 3897 Corbarannus
1251 3841 1480 3898 autem
1519 3836 1606 3898 ab
1636 3836 1835 3899 initio
1869 3837 2256 3901 certaminis

384 3932 661 3995 turbam
709 3932 1079 4009 declinans»,
1121 3934 1191 3996 in
1243 3933 1418 3997 colle
1468 3934 1764 4016 quodam
1819 3937 2257 4013 constitutus,

382 4050 546 4094 cum
580 4038 856 4113 repente
885 4030 1252 4114 dissipatas
1281 4034 1614 4116 conspicit
1640 4033 1970 4115 legiones,
2004 4035 2258 4099 relictis

384 4131 562 4206 suiS,
587 4123 814 4193 ²trans
848 4130 1263 4214 Euphratem
1284 4130 1488 4213 sugit,
1511 4141 1604 4210 et,
1626 4142 1706 4197 ut
1725 4134 1856 4197 sibi
1877 4133 2262 4198 consuleret

466 4326 479 4357 ¹
529 4330 840 4379 Mercu-im.
901 4330 925 4393 ]
996 4329 1299 4393 ‘Georgium
1414 4326 1439 4358 ⁸
1483 4330 1640 4380 stam
1715 4331 2016 4395 zuph-atem
2070 4331 2259 4395 sugit-J

391 4399 696 4461 Mam-icius,
719 4400 1007 4450 Demetrius
1023 4396 1053 4460 ;’
1094 4402 1298 4450 Robert.
1344 4401 1365 4429 ‘
1385 4400 1495 4450 The
1525 4402 1631 4450 real
1664 4415 1817 4450 cause
1849 4400 1907 4449 os
1938 4401 2040 4450 this
2070 4402 2262 4461 victory

391 4469 631 4520 llo-ach.
660 4486 716 4531 p.
747 4473 830 4518 ⁶4.
883 4470 1070 4519 Others
1101 4470 1178 4519 for
1196 4471 1301 4519 De-
1348 4482 1567 4532 appear·
1585 4476 1637 4518 to
1657 4470 1788 4519 hm
1817 4470 1944 4519 been
1962 4471 2048 4519 the
2069 4469 2186 4517 feud
2213 4471 2263 4517 in

392 4539 601 4587 metrias
624 4539 744 4588 read
764 4538 1039 4589 Theodore.
1355 4536 1629 4600 Kerbnga’·
1670 4535 1845 4600 army?
1937 4539 2160 4599 cibum,
2194 4540 2264 4586 xi.

1323 4612 1449 4667 }⁷⁸;
1483 4615 1595 4657 note
1619 4611 1685 4669 by
1705 4610 1791 4657 the
1817 4608 2006 4657 Editor.
