3457 5887
835 835 1109 884 FLORRS
1156 835 1685 885 ms'ronmnnu.
2120 821 2212 886 ⁸79

335 1000 805 1077 properarent,
854 993 943 1057 ad
993 992 1536 1058 exhortationem
1584 1011 1820 1057 eorum
1862 1010 2094 1058 comes
2134 1001 2205 1058 et
2230 1013 2338 1053 Α».
2358 1012 2467 1051 noo.

335 1095 708 1177 imperator
750 1093 1313 1173 reconciliantur3
1359 1100 1452 1171 et,
1483 1093 1697 1177 juxta
1728 1093 2015 1157 formam
2043 1092 2207 1157 fide-
2227 1061 2523 1154 ἷῖιῗέῗῦἕω.

334 1193 553 1258 litatis
602 1194 692 1263 ab
735 1193 888 1257 aliis
926 1191 1202 1269 factam,
1232 1194 1699 1277 juramentum
1739 1192 2099 1269 exhibens,
2132 1192 2204 1255 in

339 1293 613 1375 plenam
674 1293 965 1375 gratiam
1028 1310 1341 1357 reversus
1398 1292 1595 1356 donis
1656 1293 2050 1375 ingentibus
2098 1299 2208 1355 est

339 1392 739 1457 honoratus.
842 1391 1094 1457 Forma
1137 1399 1364 1457 autem
1395 1391 1746 1456 fidelitatis
1774 1390 1924 1455 haee
1962 1398 2092 1467 est,
2135 1392 2210 1454 in

342 1510 554 1574 quam
585 1510 821 1557 omnes
867 1498 1358 1556 consenserunt
1380 1492 1595 1555 totius
1626 1491 1996 1555 occidentis
2022 1489 2207 1572 prin-

343 1591 572 1673 cipes;
618 1590 822 1669 Quod
847 1591 1161 1655 civitates
1191 1598 1262 1655 et
1288 1590 1570 1669 castella
1590 1610 1746 1654 cnm
1765 1588 2211 1673 possessioni-

343 1691 476 1754 bus
501 1689 685 1767 aliis,
711 1710 866 1773 quae
911 1690 998 1754 ad
1039 1690 1160 1773 jus
1205 1690 1633 1773 imperatoris
1679 1697 1993 1772 spectare
2024 1689 2214 1753 vide·-

345 1791 625 1866 bantur,
649 1790 710 1854 si
732 1809 817 1854 ea
839 1796 1120 1873 possent
1138 1788 1531 1873 subjugare,
1562 1790 1692 1854 sibi
1724 1789 2084 1854 redderent
2108 1788 2222 1851 in·-

347 1890 748 1966 continenti,
798 1888 1010 1953 salvis
1052 1889 1472 1972 principibus
1517 1889 1860 1953 manubiis
1901 1888 2216 1954 omnibus

349 1988 423 2051 in
466 1988 720 2053 eisdem
776 1988 1119 2068 inventis3
1172 1987 1356 2070 quod
1399 1988 1800 2070 quibusdam
1846 2007 1936 2052 ex
1980 1987 2222 2052 nobili-

348 2089 484 2151 bus
536 2086 741 2150 nimis
776 2087 1133 2151 videbatur
1189 2087 1519 2169 iniquum,
1571 2096 1650 2151 ut
1706 2088 1814 2150 sui
1868 2086 2222 2169 sanguinis

359 2186 686 2250 effusione
734 2193 1195 2250 mercarentur
1221 2186 1644 2250 commodum
1676 2186 1990 2250 alienum.
2082 2185 2222 2248 Im-

358 2292 639 2367 perator
672 2291 926 2361 autem,
965 2291 1043 2348 ut
1074 2285 1497 2349 satisfaceret
1527 2287 1927 2368 peregrinis,
1961 2285 2225 2369 juravit

363 2384 548 2467 quod
592 2383 761 2466 ipsis
803 2383 1133 2448 auxilium
1176 2384 1375 2449 fidele
1416 2384 1837 2467 impenderet
1883 2392 1953 2448 et
2003 2384 2228 2447 consi-

360 2483 552 2560 lium,
607 2484 857 2565 quibus
930 2490 1210 2566 possent
1267 2484 1580 2548 inimicos
1643 2483 1801 2547 fidei
1863 2483 2227 2547 debellare.

363 2582 576 2648 Venit
613 2583 880 2647 interea
913 2581 1510 2665 Constantinopoli
1559 2582 1828 2647 comitis
1863 2582 2230 2660 exercitus,

363 2682 481 2765 qui
535 2683 773 2746 statim
824 2682 1147 2747 mandato
1196 2681 1413 2765 ipsius
1459 2682 1547 2745 ad
1598 2700 1717 2746 eos
1770 2682 1892 2764 qui
1943 2701 2019 2745 se
2061 2701 2235 2764 prae-

363 2789 710 2845 eesserant
764 2782 1104 2846 transiens
1157 2782 1429 2846 eaeteris
1468 2781 1857 2864 legionibus
1913 2789 2021 2845 est
2070 2799 2234 2845 con-

359 2880 670 2964 junctus.

461 3053 560 3117 Do
574 3052 1060 3139 pereyrimtiom
1087 3050 1338 3118 Roborti
1364 3053 1539 3118 ducis
1565 3054 2068 3118 Normanmmm
2095 3061 2151 3117 et

1074 3152 1369 3217 sociorum
1393 3151 1542 3237 ejus.

376 3319 381 3324 -
477 3274 640 3339 Hoc
670 3275 959 3359 denique
991 3283 1293 3359 tempore
1325 3276 1697 3354 Robertus,
1723 3275 1866 3340 dux
1901 3275 2242 3340 Norman·

367 3375 531 3452 niae,
564 3394 765 3439 cruce
818 3376 1157 3458 signatus,
1187 3377 1321 3440 iter
1347 3375 2052 3459 Hierosolymitanum
2096 3394 2240 3439 om-

368 3475 563 3539 nium
602 3475 1110 3557 peregrinorum
1155 3475 1565 3539 novissimus
1617 3475 1975 3557 arripiens,
2010 3474 2241 3557 posuit

374 3574 875 3639 Normanniam
902 3575 974 3638 in
1000 3567 1495 3639 ¹vadimonium
1523 3573 1721 3638 fratri
1754 3594 1884 3639 suo
1903 3574 2053 3656 regi
2068 3573 2246 3638 Wil-

369 3673 607 3752 lelmo,
655 3674 954 3757 acceptis
1004 3676 1093 3738 ab
1142 3694 1224 3739 eo
1272 3674 1507 3738 decem
1556 3674 1854 3738 millibus
1903 3674 2095 3737 libris
2138 3692 2247 3736 ar-

364 3773 596 3855 genti.
696 3772 742 3837 J
748 3781 1096 3838 unxerunt
1125 3781 1354 3839 autem
1382 3793 1460 3838 se
1506 3773 1656 3857 ejus
1687 3773 2075 3855 agminibus
2104 3772 2247 3836 Ro-

372 3873 618 3936 bertus
660 3892 885 3937 comes
915 3872 1379 3950 Flandrensis,
1407 3872 1823 3937 Eustachius
1853 3891 2079 3937 comes
2108 3872 2247 3935 Bo-

374 3972 759 4051 noniensis,
779 3971 1163 4055 Stephanus
1190 3992 1418 4037 eomes
1448 3970 1819 4050 Blesensis,
1834 3991 2062 4036 comes
2082 3971 2251 4036 Car-

377 4072 720 4156 notensis,
771 4091 999 4136 comes
1059 4071 1449 4155 Stephanus
1496 4069 2055 4149 Albemarlensis,
2105 4070 2251 4135 Ro·-

457 4267 476 4299 ¹
513 4269 882 4334 Vadimonium]
914 4270 1055 4320 Will.
1073 4270 1297 4321 Gemeti-
1345 4270 1593 4319 thousand
1628 4269 1798 4330 livres,
1827 4270 1926 4318 and
1965 4270 2255 4331 Normnndy

380 4341 584 4401 σαπείη
616 4339 698 4389 ed.
714 4340 953 4402 Camden,
968 4356 1019 4401 p.
1035 4343 1148 4391 6⁷2.
1181 4341 1297 4389 ‘He
1346 4339 1585 4401 annually
1626 4339 1789 4401 yields
1825 4339 2105 4401 fifty-seven
2148 4341 2259 4388 mil·

381 4409 608 4472 pawned
639 4410 725 4459 the
756 4410 926 4473 dnehy
945 4410 1022 4460 for
1049 4424 1143 4460 one
1172 4410 1300 4459 hun-
1346 4409 1476 4458 lions
1509 4413 1562 4457 to
1593 4409 1679 4458 the
1711 4409 1853 4470 king.
1888 4407 2131 4473 (Necker,
2154 4409 2260 4457 Ad·

380 4480 570 4529 dredth
589 4484 705 4542 part
723 4480 782 4529 of
792 4481 878 4530 the
910 4485 1113 4542 present
1126 4479 1301 4543 γεω,
1348 4480 1560 4528 ministr.
1574 4478 1666 4528 des
1686 4479 1949 4540 Finanees,
1969 4481 2005 4528 i.
2021 4496 2073 4543 p.
2092 4482 2190 4529 28⁷
2205 4473 2260 4541 ;)’

383 4564 625 4598 menne.
693 4548 800 4599 Ten
838 4551 1095 4600 thousand
1132 4550 1302 4599 marks
1350 4549 1571 4612 Gibbon,
1590 4549 1663 4598 xi.
1684 4563 1739 4610 p.
1760 4552 1842 4610 8²,
1860 4553 1986 4598 note.

391 4633 515 4680 may
553 4620 618 4669 be
658 4619 809 4682 equul
847 4624 903 4669 to
940 4620 1036 4669 five
1075 4619 1303 4670 hundred

2267 3293 2418 3333 noum
2434 3292 2483 3331 or

2265 3343 2520 3391 Non-mnndy.
