3457 5887
902 803 1177 854 nones
1220 802 1757 852 mss-ominium·
2145 788 2271 854 :351

396 960 792 1037 foenerator,
839 958 1185 1037 falsarius,
1245 959 1592 1043 deceptor,
1642 959 1988 1043 perjurus,
2041 961 2275 1026 adula·
2298 984 2409 1026 Α».
2432 982 2543 1021 ιιτο.

398 1068 532 1137 tor,
568 1059 979 1137 discurrens,
1028 1058 1345 1142 petulans
1378 1067 1448 1122 et
1491 1059 1801 1141 gulosus,
1833 1059 2037 1124 modo
2065 1062 2276 1143 pulex
2301 1036 2518 1128 Rutio‘ffm.

398 1167 736 1237 mortuus,
770 1160 961 1223 canis
1001 1157 1306 1236 foetidus,
1337 1159 1494 1222 vilis
1523 1160 1958 1237 vermiculus,
1989 1180 2127 1225 non
2156 1162 2277 1226 he-

399 1259 647 1325 remita
699 1259 820 1324 sed
869 1258 1251 1342 hypocrita,
1299 1278 1437 1322 non
1478 1259 1828 1324 solitarius
1875 1260 1996 1324 sed
2050 1270 2279 1326 mente

403 1359 715 1436 diffusus,
776 1357 1140 1424 devorator
1194 1358 1800 1441 eleemosynarum,
1859 1359 2280 1439 fastidiosus,

402 1459 803 1523 deliciarum
848 1458 1136 1541 cupidus
1183 1465 1254 1521 et
1299 1457 1672 1539 negligens,
1706 1458 1968 1523 otiosus
1999 1465 2070 1524 et
2104 1469 2277 1525 ster-

407 1567 588 1636 tens,
644 1557 971 1641 prodigus
1023 1565 1094 1623 et
1143 1557 1568 1635 ambitiosae,
1624 1563 1695 1622 et
1746 1559 1863 1640 qui
1911 1578 2052 1623 non
2098 1568 2282 1624 esset

408 1658 659 1739 dignus
720 1657 840 1721 alii
903 1657 1191 1734 servire,
1248 1655 1552 1739 quotidie
1622 1658 1754 1721 sibi
1813 1659 2279 1724 ministrantes

406 1759 727 1823 verberat
754 1765 826 1821 et
855 1757 1198 1841 objurgat.
1304 1755 1482 1820 Haec
1511 1762 1744 1821 autem
1786 1764 1857 1821 et
1892 1757 2002 1821 his
2045 1758 2283 1843 pejora

409 1858 708 1922 scribere
735 1857 992 1939 poteris
1025 1855 1109 1920 de
1149 1854 1500 1921 Godrico.'
1599 1856 1692 1921 Et
1718 1855 1827 1920 his
1863 1856 2065 1922 dictis
2094 1859 2286 1923 velut

408 1957 811 2039 indignatus
854 1956 1165 2033 obticuit,
1217 1961 1289 2019 et
1331 1955 1704 2019 monachus
1764 1976 1920 2019 cum
1957 1959 2287 2023 nonnulla

413 2056 815 2121 confusione
841 2055 1178 2120 discessit.
1281 2055 1676 2139 Interjectis
1703 2062 1934 2120 autem
1969 2056 2288 2141 deinceps

417 2156 697 2238 aliquot
713 2154 935 2233 annis,
968 2154 1140 2220 nihil
1159 2155 1244 2218 de
1269 2155 1487 2238 ipsius
1508 2155 1657 2219 vita
1679 2154 2054 2219 monachus
2082 2175 2291 2222 ausus

418 2254 552 2319 fuit
582 2255 946 2337 inquirere,
975 2255 1190 2320 donec
1226 2255 1374 2338 ipse
1407 2254 1608 2337 quasi
1650 2255 1971 2319 misertus
2018 2255 2194 2340 ejus,
2224 2265 2295 2321 et

418 2354 611 2419 velut
647 2353 733 2419 de
777 2354 1108 2437 praedicta
1147 2355 1491 2438 poenitens
1535 2354 1817 2438 injuria,
1856 2355 2041 2421 ultro
2086 2357 2298 2439 coepit

420 2454 647 2518 dicere
672 2454 858 2537 quod
889 2454 1207 2534 volebat3
1256 2454 1603 2539 adjuravit
1631 2459 1864 2518 tamen
1891 2456 2296 2520 monachum

420 2573 543 2636 per
591 2553 1021 2618 dilectionem
1074 2573 1213 2637 qua
1260 2554 1324 2618 ei
1381 2553 1789 2636 conjunctus
1848 2563 2020 2632 erat,
2065 2563 2167 2633 ut,
2215 2575 2299 2620 eo

421 2655 718 2731 vivente,
748 2654 1001 2717 nemini
1030 2653 1335 2717 libellum
1365 2652 1778 2718 ostenderet.

527 2831 814 2907 Qualiter
837 2840 1083 2897 sarnatus
1107 2830 1409 2896 G'odm‘ous
1436 2831 1510 2895 de
1537 2831 1706 2894 exitu
1733 2831 1957 2895 amimae
1986 2842 2042 2896 et
2067 2841 2235 2897 statu

945 2931 1354 3018 interroqatus
1383 2930 1777 3017 respenderit.

529 3054 775 3120 Altera
805 3056 980 3133 vice,
1021 3076 1175 3120 cum
1212 3055 1393 3120 idem
1430 3055 1804 3121 monachus
1845 3064 2126 3140 propter
2167 3057 2301 3121 fes-

430 3163 578 3221 tum
626 3154 848 3222 sancti
894 3155 941 3218 J
947 3155 1233 3220 ohannis
1284 3156 1625 3238 Baptistae
1672 3156 1838 3220 illuc
1887 3158 2174 3235 veniret,
2227 3164 2305 3221 ut

431 3257 584 3320 viro
624 3256 759 3319 Dei
799 3255 1083 3320 missam
1131 3257 1530 3336 celebraret,
1569 3255 1814 3320 sedens
1854 3264 2056 3321 extra
2097 3257 2305 3323 limen

432 3356 718 3420 oratorii
781 3355 973 3419 illum
1032 3356 1221 3420 intus
1279 3361 1636 3420 canentem
1693 3356 2001 3437 audivit3
2063 3356 2306 3420 deinde

431 3463 597 3539 post
657 3471 980 3538 vesperas
1038 3456 1491 3537 interrogavit
1551 3473 1706 3519 eum
1780 3455 2017 3534 frater,
2084 3457 2306 3539 qualis

432 3561 621 3619 esset
672 3554 901 3618 exitus
934 3555 1314 3619 animarum
1359 3573 1451 3619 ex
1495 3553 1626 3620 hoc
1664 3547 1944 3634 mundo,
1994 3557 2084 3619 ad
2126 3555 2306 3638 quod

431 3654 576 3718 tale
605 3654 823 3718 fertur
853 3655 1198 3736 accepisse
1225 3673 1661 3737 responsum3
1699 3656 1718 3688 ‘
1737 3650 2034 3732 Sancta,'
2063 3655 2308 3738 inquit,

433 3759 456 3788 ‘
471 3754 700 3818 anima
725 3753 971 3817 leniter
999 3755 1147 3819 exit
1188 3774 1232 3818 a
1264 3774 1547 3837 corpore
1578 3775 1595 3833 ;
1640 3754 1764 3817 sed
1794 3755 2141 3837 peccatrix
2167 3754 2309 3819 ani-

432 3872 573 3930 ma,
595 3854 786 3917 velut
812 3854 1200 3931 immatura,
1219 3855 1451 3918 multis
1484 3854 1716 3935 flagris
1746 3854 1834 3917 ad
1862 3855 2123 3918 exitum
2158 3874 2311 3937 per-

436 3959 746 4034 urgetur.
867 3951 1168 4035 Egressa
1209 3971 1373 4018 vero
1417 3953 1503 4017 ad
1549 3953 1727 4017 aeris
1771 3952 2123 4035 fastigium
2167 3955 2313 4016 sine

439 4071 633 4117 mora
661 4053 1080 4130 conscendit,
1116 4060 1187 4116 et
1227 4052 1321 4117 ibi
1366 4068 1627 4118 moram
1672 4052 2080 4135 quandoque
2123 4052 2313 4131 facit,

436 4159 851 4233 exspectans
894 4152 1059 4234 quid
1114 4152 1309 4216 Deus
1352 4152 1438 4217 de
1479 4153 1601 4220 illa
1642 4153 1867 4217 facere
1896 4153 2088 4217 velit.
2188 4152 2316 4215 Est

438 4259 673 4315 autem
699 4249 793 4315 ibi
827 4252 1026 4334 quasi
1054 4253 1368 4334 quaedam
1399 4257 1603 4336 porta
1626 4252 1850 4317 ferrea
1889 4260 1960 4316 et
2002 4257 2319 4332 angusta,

441 4347 782 4415 hincinde
810 4352 1174 4433 spirituum
1217 4354 1551 4417 bonorum
1599 4359 1670 4416 et
1710 4352 2046 4416 malorum
2093 4357 2318 4414 custo-

442 4449 580 4512 diis
610 4450 1105 4528 circumcincta,
1138 4471 1259 4534 per
1296 4471 1503 4534 quam
1544 4452 1792 4515 animae
1816 4450 2159 4536 justorum
2188 4448 2324 4512 levi

442 4549 747 4624 transitu
790 4550 1269 4630 admittuntur,
1319 4552 1598 4636 injustae
1640 4569 1806 4615 vero
1853 4550 2157 4631 graviter
2204 4566 2327 4612 an-
