3457 5887
1241 801 1370 872 148
1748 813 2014 865 nocam
2060 816 2153 863 nn
2196 814 2607 864 wuunovssn

924 987 1033 1028 M>-
1054 988 1167 1030 1099
1239 976 1360 1053 cis,
1382 994 1588 1057 quam
1613 975 1784 1039 civis
1810 976 2086 1058 quidam
2112 974 2810 1057 Hierosolymitanus,
2834 974 3094 1040 nomine

918 1038 1223 1133 ἒῖἓτιῗιιᾶω.
1239 1074 1475 1157 SyruS,
1512 1075 1929 1157 principibus
1976 1094 2191 1157 nuper
2240 1074 2748 1156 propalaverat,
2792 1075 2881 1137 ab
2925 1076 3096 1138 anti-

1236 1174 1389 1256 quis
1421 1192 1463 1236 a
1494 1193 1567 1237 se
1598 1174 2015 1255 temporibus
2060 1172 2494 1236 custoditam.
2567 1173 2737 1237 Dux
2766 1192 2955 1250 vero,
2983 1176 3094 1286 qui

1234 1279 1305 1336 et
1334 1292 1458 1335 rex
1491 1280 1640 1336 erat
1680 1272 2371 1354 HierosolymitanuS,
2416 1292 2570 1335 cum
2612 1272 2883 1336 caeteris
2920 1273 3099 1355 prin-

1233 1371 1496 1453 cipibus
1550 1372 1925 1454 peregrinis
1967 1370 2333 1435 Ramulam
2361 1372 2789 1452 perveniens,
2819 1371 3095 1436 edoctus

1233 1477 1339 1533 est
1385 1471 1479 1534 ibi
1527 1470 1818 1552 pleniuS,
1871 1470 2054 1553 quod
2104 1469 2470 1551 praedictus
2509 1469 2870 1554 Emyreius
2917 1472 3096 1552 apud

1232 1566 1637 1634 Ascalonem
1669 1589 1822 1633 cum
1854 1571 1998 1634 suis
2023 1569 2238 1651 copiis
2263 1568 2703 1634 consedisset.
2756 1569 3098 1633 Praemisit

1229 1668 1464 1750 itaque
1490 1669 1634 1731 dux
1669 1668 1934 1751 equites
1973 1669 2325 1744 ducentos,
2363 1668 2481 1749 qui
2508 1669 2692 1731 viam
2731 1675 2802 1732 et
2838 1675 3094 1732 statum

1231 1764 1526 1830 hostium
1554 1768 2031 1850 explorarent3
2077 1766 2221 1843 sed,
2240 1786 2394 1830 cum
2420 1767 2924 1849 aliquantulum
2943 1787 3095 1849 pro-

1226 1868 1614 1943 cessissent,
1656 1868 2065 1930 invenerunt
2107 1872 2417 1930 armenta
2469 1867 2700 1943 boum,
2764 1885 3087 1948 equorum

1225 1972 1296 2028 et
1328 1966 1763 2040 camelorum,
1806 1984 1961 2029 cum
2003 1964 2393 2046 pastoribus
2424 1966 2834 2029 animalibus
2861 1984 3088 2028 curam

1224 2066 1753 2144 praestantibus;
1819 2064 1904 2128 ad
1976 2084 2148 2146 quos
2190 2083 2344 2127 cum
2391 2072 2624 2127 noster
2673 2065 3090 2146 pervenisset

1221 2164 1588 2237 exercitus,
1636 2163 1955 2246 fugerunt
1996 2170 2137 2226 tam
2179 2170 2491 2244 pastores
2523 2182 2730 2245 quam
2773 2164 2895 2245 qui
2938 2182 3090 2244 pas-

1222 2262 1484 2326 toribus
1547 2269 1889 2345 praeerant
1948 2262 2234 2345 equiteS,
2285 2263 2607 2344 greg-ibus
2651 2269 2722 2326 et
2765 2262 3088 2325 armentis

1220 2361 1369 2424 sine
1419 2362 1701 2426 custode
1746 2362 2039 2440 relictis;
2103 2360 2287 2443 capti
2333 2368 2498 2425 sunt
2542 2368 2771 2425 tamen
2811 2361 3086 2443 quidam

1220 2478 1308 2523 ex
1354 2458 1478 2537 εἰς,
1528 2481 1815 2544 quorum
1857 2461 2184 2526 relatione
2235 2461 2322 2523 de
2379 2459 2675 2523 hostium
2732 2460 3083 2542 proposito

1218 2558 1442 2624 edocti
1499 2567 1987 2642 cognoverunt,
2061 2559 2246 2641 quod
2309 2559 2625 2643 princeps
2688 2560 3081 2640 praedictus,

1217 2657 1338 2738 qui
1371 2657 1581 2741 juxta
1614 2678 1734 2723 eos
1780 2659 1865 2722 ad
1906 2665 2165 2742 septem
2204 2657 2522 2721 milliaria
2563 2666 2793 2722 eastra
2821 2665 3080 2722 statue-

1219 2762 1350 2833 rat,
1414 2765 1572 2839 post
1630 2758 1910 2821 biduum
1973 2756 2294 2821 accedere
2357 2764 2429 2820 et
2487 2765 2798 2822 nostrum
2858 2757 3077 2822 delere

1218 2855 1594 2920 exercitum
1621 2857 1992 2938 cogitabat.
2069 2857 2289 2920 Erant
2311 2863 2540 2920 autem
2567 2858 2784 2920 nostri
2805 2876 3081 2922 numero

1219 2956 1416 3037 quasi
1447 2956 1631 3026 mille
1661 2956 1926 3039 equites
1969 2963 2040 3020 et
2076 2956 2374 3032 ducenti,
2401 2956 2664 3038 pedites
2693 2976 2855 3020 vero
2887 2958 3079 3039 quasi

1216 3073 1341 3119 sex
1387 3055 1603 3120 millia
1650 3056 2010 3133 numerati,
2057 3055 2174 3137 qui
2226 3073 2460 3118 omnes
2498 3056 2583 3118 de
2631 3055 2869 3136 praelio
2918 3058 3080 3121 certi

1217 3172 1461 3219 novem
1502 3156 1683 3219 acies
1733 3156 2104 3231 instruunt,
2145 3172 2434 3236 quarum
2476 3160 2614 3218 tres
2647 3163 3079 3237 praeponunt,

1215 3258 1355 3316 tres
1409 3253 1640 3318 locant
1693 3253 1767 3317 in
1814 3254 2060 3330 medio,
2103 3261 2174 3318 et
2226 3260 2366 3316 tres
2409 3254 2604 3335 sequi
2646 3254 3074 3336 praecipiunt,

1214 3357 1315 3427 ut,
1354 3351 1803 3435 undecunque
1858 3353 1943 3416 ad
2000 3371 2118 3416 eos
2192 3351 2489 3416 hostium
2559 3352 2681 3416 fiat
2737 3371 3076 3430 accessus,

1213 3450 1545 3532 triplicem
1573 3452 1667 3515 ibi
1697 3452 2041 3534 reperiant
2066 3451 2370 3514 ordinem
2393 3452 2688 3515 acierum
2708 3452 3071 3536 objectum.

1211 3547 1326 3613 Sic
1372 3549 1629 3632 itaque,
1685 3551 1966 3614 obtenta
2031 3551 2179 3614 sine
2243 3550 2780 3615 contradictione
2842 3551 3074 3634 praeda

1209 3657 1607 3724 memorata,
1646 3668 1802 3731 quae
1829 3668 1972 3731 prae
2015 3649 2222 3712 nimia
2252 3648 2688 3713 multitudine
2728 3669 3073 3714 numerum

1210 3747 1607 3823 excedebat,
1662 3755 1928 3811 noctem
1979 3748 2167 3812 illam
2214 3748 2307 3812 ibi
2366 3755 2850 3830 transegerunt
2905 3769 3074 3831 gau-

1212 3845 1487 3924 dentes3
1534 3865 1733 3910 mane
1768 3853 1996 3911 autem
2032 3846 2238 3924 sacto,
2269 3847 2459 3911 lituis
2488 3856 2558 3912 et
2599 3848 2783 3911 tubis
2820 3849 3071 3912 bellum

1208 3944 1551 4024 indicitur,
1617 3953 1687 4010 et
1750 3946 2104 4010 instructis
2171 3946 2545 4024 ordinibuS,
2615 3947 2917 4012 Domino
2972 3949 3069 4011 rei

1210 4044 1471 4108 exitum
1504 4044 2075 4122 commendantes,
2117 4044 2190 4107 in
2238 4045 2470 4109 hostes
2513 4047 2714 4128 quasi
2748 4047 2856 4110 vir
2891 4066 3066 4110 unus

1207 4143 1606 4224 procedunt,
1640 4163 1829 4226 spem
1861 4144 1932 4207 in
1961 4163 2043 4208 eo
2069 4143 2374 4208 victoriae
2406 4145 2841 4210 collocantes.
2897 4145 3070 4210 Pro·

1208 4242 1600 4307 cedentibus
1652 4244 1866 4324 igitur
1916 4243 2297 4325 legionibus
2338 4242 2549 4327 juxta
2588 4244 2903 4308 militaris
2954 4264 3066 4308 or-

1206 4341 1385 4405 dinis
1432 4342 1855 4425 disciplinam
1905 4343 2092 4407 lento
2146 4341 2365 4425 gradu
2414 4342 2502 4406 ad
2556 4362 2881 4425 pugnam,
2921 4344 3071 4407 visa

1201 4448 1367 4505 sunt
1415 4461 1737 4524 superno,
1770 4448 1848 4505 ut
1886 4441 2206 4518 creditur,
2244 4442 2572 4506 instinctu
2623 4460 2873 4524 pecora
2915 4461 3068 4506 cor-

1198 4542 1398 4606 nibus
1418 4542 1663 4607 erectis
1688 4549 1758 4605 et
1790 4540 2026 4605 caudis
2064 4540 2361 4605 acierum
2385 4539 2714 4605 lateribus
2739 4561 2783 4603 a
2803 4541 3071 4600 dnn-32
