3457 5887
909 880 1176 931 nonas
1219 880 1754 929 uisroninun.
2145 864 2277 930 299

396 1045 645 1128 scopis,
708 1042 1073 1125 episcopis,
1132 1042 1516 1118 abbatibus,
1575 1041 1943 1122 prioribus,
2007 1044 2275 1108 comiti-
2297 1053 2601 1146 &331¹ssss-

399 1148 550 1222 bus,
582 1143 953 1207 baronibus
988 1150 1059 1205 et
1099 1140 1492 1223 proceribus
1539 1141 1757 1221 regni,
1797 1140 1981 1204 facta
2020 1151 2127 1207 est
2173 1163 2279 1208 re-
2300 1153 2601 1199 ermundo·-

402 1244 728 1326 cognitio,
781 1242 928 1305 sive
983 1239 1389 1316 recordatio,
1438 1238 1795 1322 cujusdam
1849 1241 2067 1322 partis
2122 1261 2282 1306 con-

403 1342 837 1408 suetudinum
881 1347 951 1404 et
994 1339 1390 1403 libertatum
1435 1346 1944 1404 antecessorum
1977 1360 2280 1419 suorum,

407 1443 587 1524 regis
634 1440 957 1504 videlicet
993 1438 1280 1503 Henrici
1329 1438 1444 1529 avi
1496 1439 1604 1502 sui
1650 1447 1722 1503 et
1768 1438 2082 1517 aliorum,
2127 1461 2283 1524 quae

408 1540 759 1608 observari
835 1539 1176 1602 debebant
1250 1538 1320 1601 in
1393 1557 1609 1620 regno
1682 1538 1772 1602 ab
1833 1539 2152 1603 omnibus
2216 1547 2288 1605 et

408 1641 652 1718 teneri,
705 1647 985 1722 propter
1040 1637 1501 1702 dissensiones
1551 1645 1621 1701 et
1677 1637 2054 1703 discordias
2103 1658 2288 1722 saepe

411 1746 837 1821 emergentes
899 1738 1077 1801 inter
1133 1737 1389 1801 clerum
1443 1744 1517 1800 et
1556 1735 1980 1820 justiciarios
2033 1738 2288 1802 domini

410 1839 590 1921 regis
640 1847 713 1902 et
761 1832 1196 1918 ¹magnatum
1232 1837 1469 1918 regni3
1525 1835 1766 1900 harum
1797 1855 1960 1903 vero
2003 1857 2290 1902 consue-

412 1939 727 2004 tudinum
761 1936 1264 2016 recognitarum
1311 1934 1625 2018 quaedam
1663 1955 1824 2019 pars
1875 1938 1947 2000 in
1998 1937 2289 2002 sedecim

416 2037 743 2120 capitulis
772 2035 1344 2117 subseqnentibus
1374 2034 1782 2099 continetur.

519 2137 630 2199 De
676 2134 1123 2198 advocatione
1165 2140 1235 2196 et
1272 2135 1801 2215 praesentatione
1856 2135 2292 2199 ecclesiarum

417 2234 480 2298 si
512 2231 979 2298 controversia
1019 2233 1366 2295 emerserit
1405 2231 1587 2296 inter
1627 2233 1841 2297 laicos
1883 2241 1954 2297 et
1989 2233 2295 2311 clericoS,

420 2335 536 2399 vel
569 2333 751 2397 inter
778 2331 1082 2407 clericos,
1112 2333 1184 2394 in
1214 2332 1406 2395 curia
1435 2331 1691 2395 domini
1724 2332 1906 2414 regis
1937 2334 2300 2415 [tractetur

423 2440 499 2497 et
526 2432 945 2496 terminetur.

524 2530 851 2596 Ecclesiae
896 2530 983 2594 de
1024 2529 1226 2594 feodo
1268 2528 1527 2593 domini
1569 2530 1783 2611 regis]
1829 2550 1965 2595 non
2009 2540 2301 2613 possunt

424 2633 494 2696 in
526 2637 932 2713 perpetuum
961 2629 1109 2693 dari
1140 2630 1399 2712 absque
1432 2631 1870 2694 concessione
1903 2631 2142 2713 ipsius.

526 2728 711 2794 Cleri
760 2730 1064 2794 accusati
1108 2728 1195 2793 de
1236 2747 1637 2811 quacunque
1678 2749 1777 2807 re,
1819 2731 2210 2795 summoniti
2254 2752 2298 2795 a

419 2829 804 2915 justiciario
868 2829 1075 2912 regiS,
1125 2829 1406 2892 veniant
1458 2829 1530 2892 in
1590 2830 1847 2893 curiam
1913 2832 2127 2913 ipsius
2191 2852 2296 2893 re·
2346 2861 2350 2867 v

431 2929 747 3013 sponsuri
804 2929 1052 2994 ibidem
1112 2928 1198 2993 de
1251 2927 1405 3006 hoc,
1463 2928 1643 2992 unde
1687 2929 2030 2994 videbitur
2094 2931 2300 2995 curiae

432 3029 641 3111 regiS,
697 3030 878 3111 quod
942 3030 1037 3093 ibi
1088 3029 1178 3093 sit
1226 3028 1816 3110 respondendum;
1874 3038 1946 3095 et
1992 3030 2065 3093 in
2112 3031 2302 3093 curia

432 3128 914 3207 ecclesiastica,
974 3129 1153 3192 unde
1213 3127 1577 3205 videbitur,
1640 3130 1824 3211 quod
1895 3131 1990 3193 ibi
2047 3130 2140 3194 sit
2202 3149 2305 3192 re-

432 3228 944 3311 spondendum;
1000 3229 1100 3292 ita
1145 3227 1327 3310 quod
1378 3228 1563 3309 regis
1602 3227 2030 3311 justiciarius
2080 3228 2307 3292 mittet

438 3329 510 3390 in
563 3327 822 3391 curiam
869 3331 1127 3391 sanctae
1181 3327 1486 3391 ecclesiae
1551 3327 1640 3391 ad
1695 3329 2085 3406 videndum,
2135 3347 2306 3411 quo·

437 3427 642 3490 modo
675 3446 783 3489 res
807 3427 900 3490 ibi
929 3426 1359 3491 tractabitur.
1425 3426 1516 3490 Et
1548 3426 1609 3489 si
1641 3426 1926 3492 clericus
1954 3428 2307 3492 convictus

440 3526 552 3590 vel
605 3526 955 3589 confessus
1000 3527 1230 3604 fuerit,
1273 3546 1413 3590 non
1457 3526 1661 3591 debet
1709 3547 1863 3591 eum
1918 3527 2002 3591 de
2060 3535 2307 3591 caetero

436 3625 729 3689 ecclesia
758 3626 957 3691 tueri.

556 3724 1138 3807 ArchiepiscopiS,
1195 3721 1534 3807 episcopis
1602 3732 1671 3788 et
1735 3724 1939 3789 claris
2001 3727 2307 3807 personis

440 3825 658 3906 regni,
710 3843 849 3887 non
899 3825 1060 3889 licet
1118 3825 1306 3888 exire
1357 3843 1401 3887 a
1463 3843 1677 3906 regno
1727 3825 1986 3907 absque
2034 3824 2308 3889 licentia

441 3923 696 3987 domini
748 3924 969 4005 regis3
1031 3931 1100 3987 et
1147 3922 1208 3986 si
1263 3923 1579 4001 exierint,
1633 3925 1693 3987 si
1744 3925 1888 4006 regi
1950 3924 2307 4007 placuerit,

441 4042 758 4086 securum
796 4042 950 4086 eum
995 4023 1270 4100 facient,
1308 4023 1489 4105 quod
1533 4043 1656 4087 nec
1700 4023 1775 4086 in
1817 4024 2040 4088 eundo
2079 4044 2203 4088 nec
2239 4025 2309 4087 in

440 4122 786 4186 redeundo
813 4123 927 4186 vel
963 4142 1224 4186 moram
1269 4122 1578 4188 faciendo
1624 4124 2020 4206 perquirent
2055 4124 2309 4187 malum

446 4222 592 4286 sive
624 4222 943 4285 damnum
979 4222 1252 4286 domino
1282 4223 1427 4303 regi
1455 4223 1565 4285 vel
1597 4242 1835 4304 regno.

548 4321 1144 4385 Excommunicati
1201 4341 1337 4385 non
1392 4320 1642 4387 debent
1688 4322 1853 4385 dare
1897 4321 2174 4385 vadium
2225 4321 2312 4384 ad

450 4437 833 4498 remanens,
864 4440 989 4484 nec
1020 4429 1351 4504 praestare
1373 4420 1864 4504 juramentum,
1894 4422 2014 4485 sed
2047 4426 2313 4485 tantum

875 4642 1237 4717 'Magmtum.]
1273 4648 1289 4675 ‘
1306 4642 1643 4710 Magnetibus‘
1665 4648 1718 4695 in
1741 4647 1854 4695 MS.
