3457 5887
927 846 1201 895 nouus
1247 845 1774 894 msroumnun.
2157 832 2286 897 297

421 1006 691 1070 tudines
754 1004 1073 1087 antiquas
1117 1005 1186 1067 in
1240 1023 1452 1086 regno
1502 1011 1684 1067 stare
1746 1003 2164 1086 persuadens
2213 1014 2284 1069 et
2312 1028 2418 1069 in.
2442 1029 2553 1068 nos.

422 1104 930 1187 archiepiscopo
996 1102 1326 1187 praedicta
1384 1101 1690 1183 exigenti
1749 1103 2161 1182 adversans3
2215 1113 2285 1169 et

421 1204 493 1267 in
538 1203 669 1267 hoc
732 1203 884 1266 loco
940 1209 1188 1284 quarto
1245 1202 1565 1284 apparuit
1618 1200 2043 1283 perturbatio
2103 1204 2285 1284 regis

423 1311 661 1367 contra
692 1302 939 1384 ipsum.
1064 1299 1321 1364 Eodem
1351 1319 1532 1363 anno
1565 1300 1752 1365 facta
1785 1308 1891 1364 est
1932 1299 2284 1383 inquisitio

423 1400 760 1483 generalis
804 1420 925 1483 per
968 1396 1316 1480 Angliam,
1372 1400 1482 1462 cui
1526 1400 1678 1481 quis
1720 1399 1791 1462 in
1856 1401 2134 1464 servitio
2177 1420 2285 1463 se-

424 1500 639 1564 culari
682 1499 766 1563 de
800 1500 957 1584 jure
988 1498 1327 1562 obnoxius
1356 1506 1742 1576 teneretur3
1800 1498 2153 1562 inventum
2183 1508 2288 1563 est

422 1600 492 1663 in
530 1598 797 1663 Cantiae
830 1598 1203 1682 provincia,
1234 1597 1414 1681 quod
1450 1592 1872 1661 ¹Willelmus
1906 1597 1990 1660 de
2024 1598 2171 1662 Ros
2214 1600 2286 1663 in

428 1717 702 1762 munere
738 1698 1043 1780 quolibet
1088 1697 1438 1761 subeundo
1481 1716 1710 1778 regem
1754 1695 2029 1761 deberet
2078 1716 2289 1779 agno-

428 1817 614 1861 scere
658 1805 729 1861 et
771 1817 908 1861 non
953 1796 1556 1878 archiepiscopum,
1611 1802 1681 1859 et
1723 1795 1822 1859 sic
1865 1796 2090 1860 odium
2137 1816 2289 1879 per-

429 1915 616 1960 sonae
677 1897 749 1959 in
808 1896 1128 1959 damnum
1186 1895 1491 1958 ecclesiae
1552 1893 2005 1974 redundavit3
2069 1903 2138 1959 et
2179 1896 2288 1960 hic

430 1995 674 2076 quinto
736 1995 888 2058 loco
953 1994 1268 2076 apparuit
1328 1994 1748 2076 perturbatio
1810 1993 1989 2075 regis
2049 2003 2290 2059 contra

430 2093 649 2156 illum.
727 2093 942 2156 Sexto
984 2093 1326 2175 apparuit,
1372 2112 1526 2156 cum
1576 2091 2122 2174 archiepiscopus
2176 2113 2290 2157 va-

434 2199 704 2255 cantem
744 2192 1094 2255 ecclesiam
1138 2190 1223 2253 de
1252 2184 1641 2254 ²Ainesford
1687 2189 1957 2254 cuidam
1993 2191 2293 2256 Lauren-

436 2291 535 2354 tio
565 2290 895 2368 contulit;
949 2290 1066 2354 sed
1089 2289 1501 2366 WillelmuS,
1537 2289 1723 2353 villae
1773 2289 2110 2366 dominuS,
2166 2292 2295 2353 sibi

428 2390 550 2473 jus
610 2390 979 2453 vendicans
1050 2397 1454 2472 patronatus
1512 2389 1956 2452 Laurentium
2004 2390 2294 2471 expulit,

432 2508 558 2570 pro
597 2508 734 2570 quo
770 2488 951 2553 facto
994 2489 1543 2570 archiepiscopus
1570 2487 1990 2551 Willelmum
2028 2508 2296 2553 excom-

434 2588 847 2668 municavit3
912 2587 1117 2670 quod,
1173 2588 1336 2670 quia
1396 2607 1556 2669 rege
1616 2587 1888 2649 minime
1932 2589 2298 2652 certiorato

437 2686 733 2763 fecisset,
782 2688 1153 2750 maximam
1205 2686 1353 2770 ejus
1403 2686 1937 2766 indignationem
1987 2688 2294 2751 incurrit.

438 2783 711 2850 Asserit
768 2785 943 2849 enim
996 2806 1146 2862 rex,
1197 2786 1407 2869 juxta
1459 2785 1864 2866 dignitatem
1914 2788 2106 2868 regni
2167 2788 2298 2863 sui,

443 2885 627 2966 quod
678 2885 929 2962 nullus,
991 2886 1108 2968 qui
1155 2885 1239 2949 de
1289 2903 1450 2966 rege
1498 2885 1571 2948 in
1628 2885 1852 2967 capite
1895 2892 2149 2963 teneat,
2192 2886 2302 2951 vel

442 2984 752 3048 minister
782 2986 957 3068 ejus,
990 2985 1162 3049 citra
1188 2984 1370 3048 illius
1393 2984 1882 3048 conscientiam
1914 2986 2005 3049 sit
2031 3005 2305 3049 excom-

446 3084 894 3147 municandus
937 3085 1023 3147 ab
1057 3085 1309 3166 aliquo,
1345 3103 1451 3160 ne,
1502 3084 1559 3147 si
1611 3083 1741 3147 hoc
1792 3103 2020 3166 regem
2069 3085 2302 3161 lateat,

440 3183 677 3265 lapsus
741 3183 1130 3265 ignorantia
1190 3182 1642 3246 communicet
1698 3183 2308 3261 excommunicato,

337 3348 347 3356 ,
446 3283 762 3345 comitem
795 3282 904 3345 vel
950 3283 1271 3346 baronem
1318 3281 1404 3345 ad
1441 3300 1514 3344 se
1543 3282 1927 3345 venientem
1958 3283 2029 3345 in
2070 3283 2309 3347 osculo

444 3381 557 3444 -vel
616 3381 897 3445 consilio
958 3381 1299 3445 admittat.
1403 3381 1704 3462 Septimo
1762 3382 2103 3463 apparuit,
2158 3402 2309 3446 cum

445 3478 625 3541 idem
668 3500 792 3543 rex
839 3482 1112 3544 nuntios
1157 3480 1243 3543 ad
1289 3481 1548 3543 curiam
1578 3480 1963 3543 Romanam
1993 3481 2308 3558 misisset,

445 3585 524 3641 ut
565 3579 1088 3643 consuetudines
1125 3579 1319 3660 regni
1351 3579 1801 3655 confirmaret,
1837 3580 1950 3643 ubi
1979 3579 2049 3642 in
2081 3580 2308 3663 aliquo

444 3676 882 3760 profecisset;
935 3678 1156 3741 nuntii
1204 3678 1459 3742 reversi
1497 3678 1794 3740 animum
1840 3679 2021 3759 regis
2068 3688 2308 3744 contra

448 3775 1031 3860 archiepiscopum
1094 3785 1164 3841 et
1221 3777 1392 3841 alios
1449 3785 1931 3860 exasperatum
1987 3797 2121 3841 non
2182 3800 2304 3863 po-

398 3873 409 3880 ’
445 3881 670 3939 terant
700 3876 1037 3957 mitigare.

444 4068 755 4128 antiquitatis
786 4070 839 4116 in
870 4070 1049 4117 finibus
1082 4072 1215 4117 stare
1240 4085 1353 4130 per-
1400 4069 1483 4117 the
1497 4071 1599 4118 earl
1616 4069 1674 4118 of
1689 4069 1855 4119 Clare.
1913 4069 1995 4118 He
2012 4070 2158 4118 atthe
2173 4085 2307 4120 same

445 4138 683 4196 suadens,
715 4143 766 4186 et
807 4153 896 4187 eas
932 4138 1160 4186 omnibus
1194 4139 1354 4188 modis
1401 4139 1518 4187 time
1540 4139 1768 4188 offended
1790 4139 1874 4187 the
1898 4139 2020 4201 king
2040 4140 2108 4200 by
2130 4140 2308 4188 affirm-

442 4208 629 4267 quibus
671 4209 798 4256 ratio
837 4207 942 4256 fieri
993 4208 1238 4268 potuisset
1281 4209 1355 4256 in-
1402 4209 1488 4270 ing
1509 4208 1616 4257 that
1637 4209 1719 4257 the
1743 4209 1925 4256 castles
1946 4209 2004 4257 of
2019 4209 2308 4269 Rochester,

441 4276 650 4336 ducens,
669 4278 873 4326 alteram
904 4277 1184 4326 inclinatior
1211 4278 1352 4326 vide-
1400 4278 1457 4325 of
1470 4278 1742 4338 Saltwood‚
1763 4278 1862 4325 and
1885 4277 2057 4337 Hythe
2089 4279 2154 4338 by
2175 4279 2309 4340 right

439 4346 588 4394 batur
609 4347 660 4393 in
682 4352 872 4407 partem
892 4341 921 4405 ;’
953 4347 1048 4394 col.
1072 4350 1185 4395 534.
1401 4348 1658 4408 pertained
1692 4352 1746 4395 to
1782 4346 1865 4394 the
1898 4361 1981 4394 see
2013 4347 2070 4395 of
2101 4347 2309 4396 Canter-

443 4465 450 4471 ,
516 4412 829 4464 ¹Wiuelmus
863 4418 921 4463 de
959 4415 1113 4478 Rom]
1161 4416 1211 4463 1t
1246 4429 1353 4464 was
1402 4417 1546 4478 bury.
1616 4416 2085 4476 Gervas.;Diceto.

442 4484 575 4532 after
596 4484 675 4533 his
696 4491 863 4534 return
885 4484 1006 4533 from
1040 4485 1125 4533 the
1157 4485 1352 4534 council

438 4553 498 4601 of
525 4553 687 4602 Tours
711 4556 820 4603 that
854 4554 1045 4603 Becket
1074 4554 1351 4603 demanded
1454 4550 1778 4615 ’Μαρίου-Μ
1804 4552 2308 4615 Eynssord,inKent;

436 4623 652 4685 homage
678 4623 735 4672 os
760 4624 981 4673 william
1015 4623 1079 4672 de
1114 4624 1215 4673 Ros
1250 4624 1349 4672 and
1402 4624 1704 4684 Pia-steph.
1728 4638 1780 4684 p.
1804 4627 1886 4673 28.
