3457 5887
960 853 1233 904 FLORBS
1279 852 1813 904 msronmauu.
2191 839 2323 906 395

453 1010 828 1083 conventus
855 1015 930 1079 in
956 1012 1157 1079 fletus
1187 1020 1258 1078 et
1286 1012 1581 1096 suspiria
1611 1013 2118 1091 commovisset,
2160 1014 2322 1078 bea·
2347 1027 2615 1130 &33⁸

454 1125 598 1182 tum
649 1114 1135 1197 Amphibalum
1180 1126 1336 1178 cum
1385 1112 1604 1176 tribus
1652 1113 1857 1177 sociis
1903 1113 2048 1177 suis
2100 1132 2327 1196 reper-
2349 1105 2643 1182 anabiuda-'-

457 1224 626 1293 tum,
683 1232 1046 1279 accurrens
1107 1212 1357 1295 aliquis
1408 1212 1773 1277 nuntiavit.
1877 1212 2062 1291 Quid
2107 1232 2273 1295 ergo
2293 1214 2325 1277 'l

457 1314 768 1397 Suspiria
793 1320 1146 1379 mutantur
1178 1312 1248 1375 in
1273 1310 1535 1389 laudes,
1563 1319 1635 1376 et
1664 1311 1967 1376 tristitiae
1998 1311 2329 1376 successit

459 1413 719 1478 laetitiae
749 1409 1174 1495 magnitudo.
1277 1410 1676 1493 Exsurgens
1702 1429 1747 1475 a
1779 1429 2018 1476 mensa
2047 1430 2332 1493 congre-

462 1513 652 1596 gatio
669 1513 757 1577 ad
779 1512 1134 1577 eeclesiam
1151 1510 1556 1575 festinanter
1574 1510 1905 1593 procedit,
1926 1518 1996 1575 et
2016 1510 2329 1575 laetitiam

460 1613 662 1676 corde
719 1619 1119 1694 conceptam
1168 1608 1455 1674 elevatis
1510 1608 1825 1674 laudibus
1881 1616 2328 1693 protestatur.

465 1711 800 1776 Inventus
850 1718 958 1775 est
1001 1716 1232 1774 autem
1275 1708 1518 1772 beatus
1571 1716 1834 1792 martyr
1874 1707 2331 1793 Amphibalus

463 1811 643 1875 inter
675 1811 847 1875 duos
880 1810 1100 1874 socios
1134 1806 1396 1871 medius
1434 1814 1505 1872 et
1534 1807 1947 1873 collateralis
1978 1809 2331 1885 ambobus,

465 1911 669 1974 tertio
720 1910 907 1973 socio
954 1908 1153 1992 quasi
1198 1926 1287 1971 ex
1331 1913 1724 1972 transverso
1772 1915 1843 1972 et
1885 1908 1972 1971 ab
2017 1908 2331 1991 opposito

464 2009 687 2075 locum
722 2008 1100 2072 solitarium
1135 2013 1534 2089 occupante.
1631 2006 1907 2070 Inventi
1940 2014 2102 2071 sunt
2130 2007 2331 2071 etiam

465 2127 678 2191 prope
702 2107 927 2171 locum
957 2107 1150 2170 illum
1168 2124 1445 2170 numero
1466 2124 1590 2169 sex
1613 2125 1698 2169 ex
1722 2104 1926 2170 sociis
1959 2113 2333 2189 martyrum

466 2206 973 2289 praedictorum,
1019 2207 1121 2270 ita
1162 2204 1345 2288 quod
1386 2206 1629 2269 beatus
1669 2212 1933 2287 martyr
1959 2203 2334 2287 Amphiba-

470 2306 578 2369 lus
616 2305 915 2369 decimus
960 2305 1354 2369 habebatur.
1459 2303 1654 2368 Inter
1693 2304 2017 2386 reliquias
2058 2304 2335 2369 athletae

470 2404 726 2469 Christi
785 2402 1178 2487 Amphibali
1237 2402 1499 2467 cultelli
1558 2403 1696 2467 duo
1767 2404 2003 2485 magni
2076 2402 2338 2468 inventi

471 2503 771 2581 fuerunt,
800 2522 979 2567 unus
1020 2503 1091 2566 in
1133 2509 1314 2587 testa
1346 2501 1592 2584 capitis
1623 2510 1692 2567 et
1721 2503 1897 2568 alter
1938 2502 2121 2567 circa
2163 2522 2337 2585 prae·

468 2602 724 2678 cordia,
755 2609 834 2667 ut
877 2621 1111 2666 verum
1151 2620 1301 2665 esse
1343 2600 1693 2666 insinuent
1735 2602 1916 2685 quod
1959 2602 2033 2666 in
2076 2595 2339 2666 ¹libello

468 2702 806 2784 passionis
850 2701 997 2785 ejus
1048 2701 1305 2783 scripto
1353 2700 1658 2782 antiquis
1711 2702 2130 2785 temporibus
2172 2721 2337 2766 con·

472 2801 742 2867 tinetur.
847 2800 947 2865 Ut
989 2802 1168 2864 enim
1214 2799 1418 2864 habet
1464 2800 1806 2884 passionis
1850 2801 2032 2865 illius
2076 2809 2335 2879 textus,

474 2900 590 2965 alii
634 2901 1096 2967 occubuerunt
1129 2899 1376 2983 gladiis
1408 2900 1609 2981 caesi3
1658 2901 1806 2985 ipse
1837 2919 2024 2980 vero,
2056 2901 2335 2966 visceri-

470 3002 598 3065 bus
627 3002 848 3084 primo
881 3000 1243 3083 patefactis
1275 3006 1346 3063 et
1386 3000 1731 3065 intestinis
1768 3000 2030 3084 ejectis,
2068 3008 2139 3065 et
2178 3008 2338 3084 post

475 3101 729 3165 lanceis
782 3100 1137 3165 confossus
1191 3106 1262 3163 et
1315 3098 1635 3177 cultelliS‚
1689 3100 2007 3165 occubuit
2060 3100 2336 3165 tandem

472 3199 811 3282 lapidibus
873 3208 1397 3280 conquassatus,
1470 3198 1651 3263 unde
1727 3200 1990 3264 nullum
2048 3199 2189 3265 fere
2247 3220 2335 3264 ex

475 3300 744 3363 ossibus
791 3298 940 3383 ejus
981 3299 1320 3380 integrum
1363 3299 1764 3381 apparebat,
1798 3319 1952 3364 cum
2001 3300 2337 3364 sociorum

477 3399 690 3480 ipsius
722 3417 880 3463 ossa
910 3397 1129 3462 illaesa
1158 3398 1431 3480 penitus
1463 3398 1914 3464 exstitissent.

481 3571 662 3646 Quod
675 3571 947 3658 reliqum
963 3566 1534 3654 sanetiAwmhibali
1553 3569 1731 3654 apud
1744 3569 2341 3638 muotwmAlbanum

1157 3678 1299 3736 sum
1326 3668 1658 3734 tramlatae.

575 3793 813 3859 Abbas
857 3802 1112 3872 autem,
1145 3801 1225 3858 ut
1267 3795 1588 3872 diximus,
1620 3795 1858 3860 audito
1893 3794 2130 3859 nuntio
2160 3793 2337 3859 desi·

478 3894 739 3972 dorato,
773 3894 1098 3978 adjuncto
1130 3894 1259 3957 sibi
1289 3894 1514 3977 priore
1559 3893 1779 3976 [cum]
1823 3894 2086 3976 aliquot
2113 3893 2340 3958 fratri-

478 3994 603 4057 bus
634 3994 719 4057 de
747 4000 1112 4070 conventu,
1154 4000 1545 4057 sanctorum
1579 3994 1890 4059 celeriter
1916 3993 2085 4058 adiit
2110 3993 2338 4075 sepul-

481 4100 697 4170 turas,
743 4100 814 4156 et
864 4092 1144 4156 effossas
1189 4093 1514 4176 reliquias
1565 4094 1836 4177 erigens
1876 4095 1949 4157 in
1999 4093 2339 4157 linteami-

482 4191 680 4256 nibus
720 4192 982 4256 idoneis
1021 4191 1423 4273 collocavit3
1475 4201 1920 4274 metuensque
1950 4209 2160 4273 supra
2191 4209 2337 4254 mo·

481 4290 642 4354 dum
682 4291 986 4355 fraudem
1038 4292 1256 4374 plebis
1293 4299 1365 4356 et
1396 4293 1534 4357 vim
1577 4293 1799 4355 turbae
1840 4291 2138 4372 undique
2179 4308 2341 4353 con-

486 4388 779 4469 fluentis,
838 4410 1043 4475 quam
1092 4410 1136 4455 a
1182 4390 1683 4472 compressione
1727 4390 1992 4454 inventi
2040 4388 2342 4451 thesauri

556 4566 829 4634 'Libello.]
879 4571 1028 4619 Paris
1065 4569 1211 4627 adds,
1248 4568 1356 4618 that
1392 4567 1490 4617 this
1523 4568 1716 4618 volume
1741 4582 1848 4619 was
1880 4565 2144 4631 preserved
2176 4565 2228 4615 in
2259 4565 2343 4616 the

483 4641 667 4702 librat-y
689 4640 746 4690 of
761 4642 813 4691 S.
841 4635 1043 4690 Alban’s
1064 4640 1243 4700 abbey.
