<?xml version="1.0" encoding="UTF-8"?>
<!DOCTYPE html PUBLIC "-//W3C//DTD XHTML 1.0 Transitional//EN"
    "http://www.w3.org/TR/xhtml1/DTD/xhtml1-transitional.dtd">
<html xmlns="http://www.w3.org/1999/xhtml" xml:lang="en" lang="en">
 <head>
  <title>
</title>
<meta http-equiv="Content-Type" content="text/html;charset=utf-8" />
  <meta name='ocr-system' content='tesseract 3.04.00' />
  <meta name='ocr-capabilities' content='ocr_page ocr_carea ocr_par ocr_line ocrx_word'/>
</head>
<body>
  <div class='ocr_page' id='page_1' title='image "./rogeridewendove00wendgoog_0286.png"; bbox 0 0 3457 5887; ppageno 0'>
   <div class='ocr_carea' id='block_1_1' title="bbox 910 984 1156 1025">
    <p class='ocr_par' dir='ltr' id='par_1_1' title="bbox 910 984 1156 1025">
     <span class='ocr_line' id='line_1_1' title="bbox 910 984 1156 1025; baseline -0.012 0"><span class='ocrx_word' id='word_1_1' title='bbox 910 984 1023 1025; x_wconf 77' lang='lat' dir='ltr'>A-D.</span> <span class='ocrx_word' id='word_1_2' title='bbox 1043 985 1156 1023; x_wconf 72' lang='lat'>1155.</span> 
     </span>
    </p>
   </div>
   <div class='ocr_carea' id='block_1_2' title="bbox 910 1185 1162 1376">
    <p class='ocr_par' dir='ltr' id='par_1_2' title="bbox 910 1185 1162 1376">
     <span class='ocr_line' id='line_1_2' title="bbox 912 1185 1131 1226; baseline 0.005 -1"><span class='ocrx_word' id='word_1_3' title='bbox 912 1185 1073 1226; x_wconf 74' lang='lat' dir='ltr'>Adrlnu</span> <span class='ocrx_word' id='word_1_4' title='bbox 1086 1188 1131 1226; x_wconf 77' lang='lat' dir='ltr'>to</span> 
     </span>
     <span class='ocr_line' id='line_1_3' title="bbox 910 1236 1122 1325; baseline 0.005 -51"><span class='ocrx_word' id='word_1_5' title='bbox 910 1236 985 1275; x_wconf 81' lang='lat' dir='ltr'>the</span> <span class='ocrx_word' id='word_1_6' title='bbox 1004 1236 1122 1325; x_wconf 46' lang='grc' dir='ltr'>Ηυξ,</span> 
     </span>
     <span class='ocr_line' id='line_1_4' title="bbox 911 1296 1162 1376; baseline 0 -1"><span class='ocrx_word' id='word_1_7' title='bbox 911 1296 1162 1376; x_wconf 50' lang='lat' dir='ltr'>”fflf‘</span> 
     </span>
    </p>
   </div>
   <div class='ocr_carea' id='block_1_3' title="bbox 1229 791 2597 858">
    <p class='ocr_par' dir='ltr' id='par_1_3' title="bbox 1229 791 2597 858">
     <span class='ocr_line' id='line_1_5' title="bbox 1229 791 2597 858; baseline -0.001 0"><span class='ocrx_word' id='word_1_8' title='bbox 1229 791 1361 858; x_wconf 66' lang='lat'>282</span> <span class='ocrx_word' id='word_1_9' title='bbox 1735 808 1999 857; x_wconf 71' lang='lat' dir='ltr'>Rosam</span> <span class='ocrx_word' id='word_1_10' title='bbox 2048 810 2141 857; x_wconf 76' lang='lat' dir='ltr'>nn</span> <span class='ocrx_word' id='word_1_11' title='bbox 2187 808 2597 858; x_wconf 69' lang='lat' dir='ltr'>wannovnn</span> 
     </span>
    </p>
   </div>
   <div class='ocr_carea' id='block_1_4' title="bbox 1212 968 3110 4439">
    <p class='ocr_par' dir='ltr' id='par_1_4' title="bbox 1233 968 3106 1150">
     <span class='ocr_line' id='line_1_6' title="bbox 1233 968 3106 1052; baseline -0.001 -20"><span class='ocrx_word' id='word_1_12' title='bbox 1233 987 1417 1052; x_wconf 89' lang='lat' dir='ltr'>papa</span> <span class='ocrx_word' id='word_1_13' title='bbox 1449 968 1596 1050; x_wconf 82' lang='lat' dir='ltr'>regi</span> <span class='ocrx_word' id='word_1_14' title='bbox 1634 974 1991 1049; x_wconf 79' lang='lat' dir='ltr'><strong>gratanter</strong></span> <span class='ocrx_word' id='word_1_15' title='bbox 2021 987 2330 1033; x_wconf 90' lang='lat' dir='ltr'>annuens</span> <span class='ocrx_word' id='word_1_16' title='bbox 2374 968 2504 1032; x_wconf 90' lang='lat' dir='ltr'>hoc</span> <span class='ocrx_word' id='word_1_17' title='bbox 2547 987 2844 1050; x_wconf 88' lang='lat' dir='ltr'>sequens</span> <span class='ocrx_word' id='word_1_18' title='bbox 2872 969 2933 1032; x_wconf 88' lang='lat' dir='ltr'>ei</span> <span class='ocrx_word' id='word_1_19' title='bbox 2961 970 3106 1051; x_wconf 89' lang='lat' dir='ltr'>pri-</span> 
     </span>
     <span class='ocr_line' id='line_1_7' title="bbox 1233 1067 2001 1150; baseline -0.004 -17"><span class='ocrx_word' id='word_1_20' title='bbox 1233 1068 1559 1150; x_wconf 77' lang='lat' dir='ltr'>vilegium</span> <span class='ocrx_word' id='word_1_21' title='bbox 1588 1067 2001 1147; x_wconf 83' lang='lat' dir='ltr'>destinavit3</span> 
     </span>
    </p>

    <p class='ocr_par' dir='ltr' id='par_1_5' title="bbox 1212 1160 3110 4439">
     <span class='ocr_line' id='line_1_8' title="bbox 1331 1160 3110 1249; baseline 0 -18"><span class='ocrx_word' id='word_1_22' title='bbox 1331 1173 1353 1203; x_wconf 89' lang='lat'>‘</span> <span class='ocrx_word' id='word_1_23' title='bbox 1387 1160 1767 1231; x_wconf 86' lang='lat' dir='ltr'>Adrianus¹</span> <span class='ocrx_word' id='word_1_24' title='bbox 1834 1166 2220 1249; x_wconf 89' lang='lat' dir='ltr'>episcopus,</span> <span class='ocrx_word' id='word_1_25' title='bbox 2264 1185 2506 1230; x_wconf 85' lang='lat' dir='ltr'>servus</span> <span class='ocrx_word' id='word_1_26' title='bbox 2549 1186 2907 1230; x_wconf 85' lang='lat' dir='ltr'>servorum</span> <span class='ocrx_word' id='word_1_27' title='bbox 2950 1168 3110 1244; x_wconf 89' lang='lat' dir='ltr'>Dei,</span> 
     </span>
     <span class='ocr_line' id='line_1_9' title="bbox 1233 1265 3109 1347; baseline -0.001 -15"><span class='ocrx_word' id='word_1_28' title='bbox 1233 1268 1585 1332; x_wconf 87' lang='lat' dir='ltr'>carissimo</span> <span class='ocrx_word' id='word_1_29' title='bbox 1628 1268 1701 1330; x_wconf 91' lang='lat' dir='ltr'>in</span> <span class='ocrx_word' id='word_1_30' title='bbox 1750 1265 2028 1331; x_wconf 89' lang='lat' dir='ltr'>Christo</span> <span class='ocrx_word' id='word_1_31' title='bbox 2071 1265 2237 1342; x_wconf 90' lang='lat' dir='ltr'>filio,</span> <span class='ocrx_word' id='word_1_32' title='bbox 2280 1266 2533 1331; x_wconf 84' lang='lat' dir='ltr'><strong>illustri</strong></span> <span class='ocrx_word' id='word_1_33' title='bbox 2572 1265 2961 1347; x_wconf 86' lang='lat' dir='ltr'>Anglorum</span> <span class='ocrx_word' id='word_1_34' title='bbox 3005 1288 3109 1330; x_wconf 80' lang='lat' dir='ltr'>re-</span> 
     </span>
     <span class='ocr_line' id='line_1_10' title="bbox 1232 1366 3107 1449; baseline 0.001 -19"><span class='ocrx_word' id='word_1_35' title='bbox 1232 1367 1327 1449; x_wconf 82' lang='lat' dir='ltr'>gi,</span> <span class='ocrx_word' id='word_1_36' title='bbox 1361 1366 1654 1431; x_wconf 82' lang='lat' dir='ltr'>salutem</span> <span class='ocrx_word' id='word_1_37' title='bbox 1686 1373 1758 1431; x_wconf 85' lang='lat' dir='ltr'>et</span> <span class='ocrx_word' id='word_1_38' title='bbox 1790 1366 2236 1449; x_wconf 88' lang='lat' dir='ltr'>apostolicam</span> <span class='ocrx_word' id='word_1_39' title='bbox 2281 1366 2843 1430; x_wconf 82' lang='lat' dir='ltr'>benedictionem.</span> <span class='ocrx_word' id='word_1_40' title='bbox 2922 1367 3107 1431; x_wconf 89' lang='lat' dir='ltr'>Lau-</span> 
     </span>
     <span class='ocr_line' id='line_1_11' title="bbox 1234 1465 3109 1547; baseline -0.001 -17"><span class='ocrx_word' id='word_1_41' title='bbox 1234 1467 1556 1530; x_wconf 88' lang='lat' dir='ltr'>dabiliter</span> <span class='ocrx_word' id='word_1_42' title='bbox 1612 1473 1682 1530; x_wconf 87' lang='lat' dir='ltr'>et</span> <span class='ocrx_word' id='word_1_43' title='bbox 1743 1467 1915 1530; x_wconf 87' lang='lat' dir='ltr'>satis</span> <span class='ocrx_word' id='word_1_44' title='bbox 1973 1466 2322 1530; x_wconf 85' lang='lat' dir='ltr'>fructuose</span> <span class='ocrx_word' id='word_1_45' title='bbox 2385 1466 2469 1529; x_wconf 91' lang='lat' dir='ltr'>de</span> <span class='ocrx_word' id='word_1_46' title='bbox 2527 1465 2829 1547; x_wconf 81' lang='lat' dir='ltr'>glorioso</span> <span class='ocrx_word' id='word_1_47' title='bbox 2892 1467 3109 1530; x_wconf 89' lang='lat' dir='ltr'>nomi-</span> 
     </span>
     <span class='ocr_line' id='line_1_12' title="bbox 1235 1565 3104 1648; baseline 0.001 -20"><span class='ocrx_word' id='word_1_48' title='bbox 1235 1586 1320 1629; x_wconf 91' lang='lat' dir='ltr'>ne</span> <span class='ocrx_word' id='word_1_49' title='bbox 1365 1573 1485 1631; x_wconf 90' lang='lat' dir='ltr'>tuo</span> <span class='ocrx_word' id='word_1_50' title='bbox 1530 1566 1975 1648; x_wconf 84' lang='lat' dir='ltr'>propagando</span> <span class='ocrx_word' id='word_1_51' title='bbox 2029 1566 2102 1628; x_wconf 91' lang='lat' dir='ltr'>in</span> <span class='ocrx_word' id='word_1_52' title='bbox 2153 1565 2377 1642; x_wconf 88' lang='lat' dir='ltr'>terris,</span> <span class='ocrx_word' id='word_1_53' title='bbox 2432 1572 2504 1629; x_wconf 91' lang='lat' dir='ltr'>et</span> <span class='ocrx_word' id='word_1_54' title='bbox 2556 1573 2835 1628; x_wconf 83' lang='lat' dir='ltr'>aeternae</span> <span class='ocrx_word' id='word_1_55' title='bbox 2891 1565 3104 1631; x_wconf 78' lang='lat' dir='ltr'>felici-</span> 
     </span>
     <span class='ocr_line' id='line_1_13' title="bbox 1233 1664 3104 1748; baseline 0 -19"><span class='ocrx_word' id='word_1_56' title='bbox 1233 1665 1398 1729; x_wconf 87' lang='lat' dir='ltr'>tatis</span> <span class='ocrx_word' id='word_1_57' title='bbox 1455 1667 1736 1748; x_wconf 79' lang='lat' dir='ltr'>praemio</span> <span class='ocrx_word' id='word_1_58' title='bbox 1787 1665 2200 1729; x_wconf 90' lang='lat' dir='ltr'>cumulando</span> <span class='ocrx_word' id='word_1_59' title='bbox 2247 1665 2317 1728; x_wconf 90' lang='lat' dir='ltr'>in</span> <span class='ocrx_word' id='word_1_60' title='bbox 2362 1664 2577 1742; x_wconf 72' lang='lat' dir='ltr'>caelis,</span> <span class='ocrx_word' id='word_1_61' title='bbox 2624 1672 2749 1729; x_wconf 91' lang='lat' dir='ltr'>tua</span> <span class='ocrx_word' id='word_1_62' title='bbox 2797 1666 3104 1747; x_wconf 86' lang='lat' dir='ltr'>magnifi-</span> 
     </span>
     <span class='ocr_line' id='line_1_14' title="bbox 1232 1764 3100 1847; baseline 0 -19"><span class='ocrx_word' id='word_1_63' title='bbox 1232 1766 1457 1830; x_wconf 82' lang='lat' dir='ltr'>centia</span> <span class='ocrx_word' id='word_1_64' title='bbox 1514 1765 1799 1847; x_wconf 80' lang='lat' dir='ltr'>cogitat,</span> <span class='ocrx_word' id='word_1_65' title='bbox 1843 1765 2006 1828; x_wconf 89' lang='lat' dir='ltr'>dum</span> <span class='ocrx_word' id='word_1_66' title='bbox 2051 1765 2140 1828; x_wconf 91' lang='lat' dir='ltr'>ad</span> <span class='ocrx_word' id='word_1_67' title='bbox 2185 1764 2574 1828; x_wconf 87' lang='lat' dir='ltr'>dilatandos</span> <span class='ocrx_word' id='word_1_68' title='bbox 2616 1764 2924 1828; x_wconf 84' lang='lat' dir='ltr'>ecclesiae</span> <span class='ocrx_word' id='word_1_69' title='bbox 2968 1773 3100 1828; x_wconf 87' lang='lat' dir='ltr'>ter-</span> 
     </span>
     <span class='ocr_line' id='line_1_15' title="bbox 1232 1863 3098 1947; baseline 0 -19"><span class='ocrx_word' id='word_1_70' title='bbox 1232 1864 1475 1941; x_wconf 90' lang='lat' dir='ltr'>minos,</span> <span class='ocrx_word' id='word_1_71' title='bbox 1506 1865 1594 1928; x_wconf 91' lang='lat' dir='ltr'>ad</span> <span class='ocrx_word' id='word_1_72' title='bbox 1630 1864 2113 1928; x_wconf 87' lang='lat' dir='ltr'>declarandum</span> <span class='ocrx_word' id='word_1_73' title='bbox 2147 1863 2441 1928; x_wconf 83' lang='lat' dir='ltr'>indoctis</span> <span class='ocrx_word' id='word_1_74' title='bbox 2469 1870 2542 1928; x_wconf 86' lang='lat' dir='ltr'>et</span> <span class='ocrx_word' id='word_1_75' title='bbox 2575 1864 2856 1928; x_wconf 89' lang='lat' dir='ltr'>rudibus</span> <span class='ocrx_word' id='word_1_76' title='bbox 2881 1884 3098 1947; x_wconf 88' lang='lat' dir='ltr'>popu-</span> 
     </span>
     <span class='ocr_line' id='line_1_16' title="bbox 1230 1963 3094 2046; baseline 0.001 -19"><span class='ocrx_word' id='word_1_77' title='bbox 1230 1964 1315 2027; x_wconf 91' lang='lat' dir='ltr'>lis</span> <span class='ocrx_word' id='word_1_78' title='bbox 1355 1964 1766 2028; x_wconf 77' lang='lat' dir='ltr'>Christianae</span> <span class='ocrx_word' id='word_1_79' title='bbox 1806 1963 1963 2027; x_wconf 90' lang='lat' dir='ltr'>fidei</span> <span class='ocrx_word' id='word_1_80' title='bbox 2009 1964 2390 2039; x_wconf 84' lang='lat' dir='ltr'>veritatem,</span> <span class='ocrx_word' id='word_1_81' title='bbox 2433 1971 2505 2027; x_wconf 87' lang='lat' dir='ltr'>et</span> <span class='ocrx_word' id='word_1_82' title='bbox 2545 1964 2870 2028; x_wconf 83' lang='lat' dir='ltr'>vitiorum</span> <span class='ocrx_word' id='word_1_83' title='bbox 2901 1964 3094 2046; x_wconf 86' lang='lat' dir='ltr'>plan-</span> 
     </span>
     <span class='ocr_line' id='line_1_17' title="bbox 1232 2063 3096 2146; baseline 0 -18"><span class='ocrx_word' id='word_1_84' title='bbox 1232 2064 1411 2128; x_wconf 91' lang='lat' dir='ltr'>taria</span> <span class='ocrx_word' id='word_1_85' title='bbox 1458 2063 1543 2128; x_wconf 90' lang='lat' dir='ltr'>de</span> <span class='ocrx_word' id='word_1_86' title='bbox 1597 2082 1768 2146; x_wconf 77' lang='lat' dir='ltr'>agro</span> <span class='ocrx_word' id='word_1_87' title='bbox 1829 2063 2192 2128; x_wconf 87' lang='lat' dir='ltr'>Dominico</span> <span class='ocrx_word' id='word_1_88' title='bbox 2236 2063 2709 2146; x_wconf 79' lang='lat' dir='ltr'>exstirpanda,</span> <span class='ocrx_word' id='word_1_89' title='bbox 2761 2065 2942 2128; x_wconf 88' lang='lat' dir='ltr'>sicut</span> <span class='ocrx_word' id='word_1_90' title='bbox 2985 2084 3096 2128; x_wconf 89' lang='lat' dir='ltr'>ca·</span> 
     </span>
     <span class='ocr_line' id='line_1_18' title="bbox 1233 2162 3097 2246; baseline -0.001 -19"><span class='ocrx_word' id='word_1_91' title='bbox 1233 2163 1525 2228; x_wconf 88' lang='lat' dir='ltr'>tholicus</span> <span class='ocrx_word' id='word_1_92' title='bbox 1574 2163 1893 2246; x_wconf 88' lang='lat' dir='ltr'>princeps</span> <span class='ocrx_word' id='word_1_93' title='bbox 1938 2163 2258 2240; x_wconf 89' lang='lat' dir='ltr'>intendis,</span> <span class='ocrx_word' id='word_1_94' title='bbox 2308 2170 2379 2227; x_wconf 91' lang='lat' dir='ltr'>et</span> <span class='ocrx_word' id='word_1_95' title='bbox 2429 2162 2517 2226; x_wconf 89' lang='lat' dir='ltr'>ad</span> <span class='ocrx_word' id='word_1_96' title='bbox 2568 2163 2639 2226; x_wconf 90' lang='lat' dir='ltr'>id</span> <span class='ocrx_word' id='word_1_97' title='bbox 2687 2165 3097 2228; x_wconf 80' lang='lat' dir='ltr'>convenien-</span> 
     </span>
     <span class='ocr_line' id='line_1_19' title="bbox 1232 2262 3096 2346; baseline 0.001 -20"><span class='ocrx_word' id='word_1_98' title='bbox 1232 2263 1370 2327; x_wconf 90' lang='lat' dir='ltr'>tius</span> <span class='ocrx_word' id='word_1_99' title='bbox 1401 2263 1909 2346; x_wconf 84' lang='lat' dir='ltr'>exsequendum</span> <span class='ocrx_word' id='word_1_100' title='bbox 1941 2262 2297 2327; x_wconf 89' lang='lat' dir='ltr'>consilium</span> <span class='ocrx_word' id='word_1_101' title='bbox 2324 2263 2508 2326; x_wconf 88' lang='lat' dir='ltr'>sedis</span> <span class='ocrx_word' id='word_1_102' title='bbox 2541 2263 2946 2345; x_wconf 83' lang='lat' dir='ltr'>apostolicae</span> <span class='ocrx_word' id='word_1_103' title='bbox 2977 2284 3096 2327; x_wconf 84' lang='lat' dir='ltr'>ex·</span> 
     </span>
     <span class='ocr_line' id='line_1_20' title="bbox 1232 2362 3096 2445; baseline 0.001 -20"><span class='ocrx_word' id='word_1_104' title='bbox 1232 2363 1369 2444; x_wconf 81' lang='lat' dir='ltr'>igis</span> <span class='ocrx_word' id='word_1_105' title='bbox 1402 2369 1474 2427; x_wconf 91' lang='lat' dir='ltr'>et</span> <span class='ocrx_word' id='word_1_106' title='bbox 1503 2362 1847 2442; x_wconf 82' lang='lat' dir='ltr'>favorem3</span> <span class='ocrx_word' id='word_1_107' title='bbox 1892 2363 1962 2426; x_wconf 92' lang='lat' dir='ltr'>in</span> <span class='ocrx_word' id='word_1_108' title='bbox 1995 2381 2134 2445; x_wconf 90' lang='lat' dir='ltr'>quo</span> <span class='ocrx_word' id='word_1_109' title='bbox 2161 2362 2345 2426; x_wconf 87' lang='lat' dir='ltr'>facto</span> <span class='ocrx_word' id='word_1_110' title='bbox 2379 2370 2638 2444; x_wconf 89' lang='lat' dir='ltr'>quanto</span> <span class='ocrx_word' id='word_1_111' title='bbox 2672 2363 2906 2426; x_wconf 87' lang='lat' dir='ltr'>altiori</span> <span class='ocrx_word' id='word_1_112' title='bbox 2938 2383 3096 2427; x_wconf 89' lang='lat' dir='ltr'>con·</span> 
     </span>
     <span class='ocr_line' id='line_1_21' title="bbox 1231 2462 3094 2546; baseline 0.002 -22"><span class='ocrx_word' id='word_1_113' title='bbox 1231 2462 1386 2526; x_wconf 89' lang='lat' dir='ltr'>silio</span> <span class='ocrx_word' id='word_1_114' title='bbox 1428 2470 1498 2527; x_wconf 85' lang='lat' dir='ltr'>et</span> <span class='ocrx_word' id='word_1_115' title='bbox 1539 2462 1783 2546; x_wconf 89' lang='lat' dir='ltr'>majori</span> <span class='ocrx_word' id='word_1_116' title='bbox 1825 2462 2231 2526; x_wconf 84' lang='lat' dir='ltr'>discretione</span> <span class='ocrx_word' id='word_1_117' title='bbox 2275 2462 2609 2544; x_wconf 88' lang='lat' dir='ltr'>procedis,</span> <span class='ocrx_word' id='word_1_118' title='bbox 2649 2469 2846 2526; x_wconf 85' lang='lat' dir='ltr'>tanto</span> <span class='ocrx_word' id='word_1_119' title='bbox 2887 2463 2961 2525; x_wconf 87' lang='lat' dir='ltr'>in</span> <span class='ocrx_word' id='word_1_120' title='bbox 3012 2483 3094 2527; x_wconf 91' lang='lat' dir='ltr'>eo</span> 
     </span>
     <span class='ocr_line' id='line_1_22' title="bbox 1230 2560 3090 2645; baseline 0.001 -21"><span class='ocrx_word' id='word_1_121' title='bbox 1230 2560 1600 2626; x_wconf 78' lang='lat' dir='ltr'>feliciorem</span> <span class='ocrx_word' id='word_1_122' title='bbox 1630 2580 2067 2644; x_wconf 81' lang='lat' dir='ltr'>progressum</span> <span class='ocrx_word' id='word_1_123' title='bbox 2098 2569 2193 2640; x_wconf 87' lang='lat' dir='ltr'>te,</span> <span class='ocrx_word' id='word_1_124' title='bbox 2224 2568 2513 2645; x_wconf 87' lang='lat' dir='ltr'>parante</span> <span class='ocrx_word' id='word_1_125' title='bbox 2542 2562 2852 2639; x_wconf 91' lang='lat' dir='ltr'>Domino,</span> <span class='ocrx_word' id='word_1_126' title='bbox 2873 2564 3090 2625; x_wconf 88' lang='lat' dir='ltr'>confi-</span> 
     </span>
     <span class='ocr_line' id='line_1_23' title="bbox 1231 2660 3087 2744; baseline 0.001 -21"><span class='ocrx_word' id='word_1_127' title='bbox 1231 2660 1454 2725; x_wconf 89' lang='lat' dir='ltr'>dimus</span> <span class='ocrx_word' id='word_1_128' title='bbox 1508 2661 1922 2727; x_wconf 88' lang='lat' dir='ltr'>habiturum.</span> <span class='ocrx_word' id='word_1_129' title='bbox 2019 2661 2439 2743; x_wconf 80' lang='lat' dir='ltr'>significasti</span> <span class='ocrx_word' id='word_1_130' title='bbox 2484 2661 2806 2744; x_wconf 88' lang='lat' dir='ltr'>siquidem</span> <span class='ocrx_word' id='word_1_131' title='bbox 2859 2662 3087 2740; x_wconf 76' lang='lat' dir='ltr'>nobiS,</span> 
     </span>
     <span class='ocr_line' id='line_1_24' title="bbox 1229 2759 3089 2839; baseline 0.001 -17"><span class='ocrx_word' id='word_1_132' title='bbox 1229 2759 1327 2823; x_wconf 88' lang='lat' dir='ltr'>fili</span> <span class='ocrx_word' id='word_1_133' title='bbox 1359 2760 1432 2824; x_wconf 91' lang='lat' dir='ltr'>in</span> <span class='ocrx_word' id='word_1_134' title='bbox 1461 2759 1739 2826; x_wconf 88' lang='lat' dir='ltr'>Christo</span> <span class='ocrx_word' id='word_1_135' title='bbox 1771 2761 2144 2839; x_wconf 81' lang='lat' dir='ltr'>carissime,</span> <span class='ocrx_word' id='word_1_136' title='bbox 2174 2768 2243 2826; x_wconf 91' lang='lat' dir='ltr'>te</span> <span class='ocrx_word' id='word_1_137' title='bbox 2274 2760 2627 2825; x_wconf 86' lang='lat' dir='ltr'>Hiberniae</span> <span class='ocrx_word' id='word_1_138' title='bbox 2649 2760 2972 2837; x_wconf 84' lang='lat' dir='ltr'>insulam,</span> <span class='ocrx_word' id='word_1_139' title='bbox 3000 2762 3089 2824; x_wconf 89' lang='lat' dir='ltr'>ad</span> 
     </span>
     <span class='ocr_line' id='line_1_25' title="bbox 1225 2859 3093 2943; baseline 0.002 -21"><span class='ocrx_word' id='word_1_140' title='bbox 1225 2860 1644 2925; x_wconf 88' lang='lat' dir='ltr'>subdendum</span> <span class='ocrx_word' id='word_1_141' title='bbox 1689 2861 2016 2943; x_wconf 89' lang='lat' dir='ltr'>populum</span> <span class='ocrx_word' id='word_1_142' title='bbox 2064 2860 2331 2942; x_wconf 86' lang='lat' dir='ltr'>legibus</span> <span class='ocrx_word' id='word_1_143' title='bbox 2375 2859 2784 2924; x_wconf 89' lang='lat' dir='ltr'>Christianis</span> <span class='ocrx_word' id='word_1_144' title='bbox 2830 2868 2904 2924; x_wconf 90' lang='lat' dir='ltr'>et</span> <span class='ocrx_word' id='word_1_145' title='bbox 2936 2861 3093 2925; x_wconf 82' lang='lat' dir='ltr'>viti-</span> 
     </span>
     <span class='ocr_line' id='line_1_26' title="bbox 1225 2954 3094 3044; baseline 0.001 -20"><span class='ocrx_word' id='word_1_146' title='bbox 1225 2980 1420 3024; x_wconf 89' lang='lat' dir='ltr'>orum</span> <span class='ocrx_word' id='word_1_147' title='bbox 1446 2961 1603 3025; x_wconf 90' lang='lat' dir='ltr'>inde</span> <span class='ocrx_word' id='word_1_148' title='bbox 1624 2954 1999 3044; x_wconf 78' lang='lat' dir='ltr'>&#39;plantaria</span> <span class='ocrx_word' id='word_1_149' title='bbox 2020 2961 2492 3044; x_wconf 82' lang='lat' dir='ltr'>exstirpanda,</span> <span class='ocrx_word' id='word_1_150' title='bbox 2520 2961 2699 3026; x_wconf 85' lang='lat' dir='ltr'>velle</span> <span class='ocrx_word' id='word_1_151' title='bbox 2719 2962 3004 3039; x_wconf 87' lang='lat' dir='ltr'>intrare,</span> <span class='ocrx_word' id='word_1_152' title='bbox 3028 2970 3094 3025; x_wconf 89' lang='lat' dir='ltr'>et</span> 
     </span>
     <span class='ocr_line' id='line_1_27' title="bbox 1225 3060 3090 3142; baseline 0.001 -19"><span class='ocrx_word' id='word_1_153' title='bbox 1225 3060 1310 3123; x_wconf 90' lang='lat' dir='ltr'>de</span> <span class='ocrx_word' id='word_1_154' title='bbox 1343 3060 1632 3142; x_wconf 83' lang='lat' dir='ltr'>singulis</span> <span class='ocrx_word' id='word_1_155' title='bbox 1678 3061 1990 3125; x_wconf 90' lang='lat' dir='ltr'>domibus</span> <span class='ocrx_word' id='word_1_156' title='bbox 2024 3079 2318 3125; x_wconf 90' lang='lat' dir='ltr'>annuam</span> <span class='ocrx_word' id='word_1_157' title='bbox 2350 3062 2552 3124; x_wconf 86' lang='lat' dir='ltr'>unius</span> <span class='ocrx_word' id='word_1_158' title='bbox 2595 3061 2863 3124; x_wconf 89' lang='lat' dir='ltr'>denarii</span> <span class='ocrx_word' id='word_1_159' title='bbox 2895 3062 3090 3125; x_wconf 85' lang='lat' dir='ltr'>beato</span> 
     </span>
     <span class='ocr_line' id='line_1_28' title="bbox 1227 3159 3089 3244; baseline 0.001 -21"><span class='ocrx_word' id='word_1_160' title='bbox 1227 3159 1437 3224; x_wconf 88' lang='lat' dir='ltr'>Petro</span> <span class='ocrx_word' id='word_1_161' title='bbox 1486 3160 1662 3224; x_wconf 86' lang='lat' dir='ltr'>velle</span> <span class='ocrx_word' id='word_1_162' title='bbox 1707 3160 1974 3225; x_wconf 86' lang='lat' dir='ltr'>solvere</span> <span class='ocrx_word' id='word_1_163' title='bbox 2030 3160 2447 3243; x_wconf 86' lang='lat' dir='ltr'>pensionem,</span> <span class='ocrx_word' id='word_1_164' title='bbox 2491 3167 2562 3225; x_wconf 89' lang='lat' dir='ltr'>et</span> <span class='ocrx_word' id='word_1_165' title='bbox 2602 3160 2769 3244; x_wconf 89' lang='lat' dir='ltr'>jura</span> <span class='ocrx_word' id='word_1_166' title='bbox 2821 3160 3089 3225; x_wconf 80' lang='lat' dir='ltr'>ecclesi-</span> 
     </span>
     <span class='ocr_line' id='line_1_29' title="bbox 1225 3258 3086 3342; baseline 0.001 -19"><span class='ocrx_word' id='word_1_167' title='bbox 1225 3279 1419 3323; x_wconf 88' lang='lat' dir='ltr'>arum</span> <span class='ocrx_word' id='word_1_168' title='bbox 1456 3260 1640 3324; x_wconf 91' lang='lat' dir='ltr'>illius</span> <span class='ocrx_word' id='word_1_169' title='bbox 1673 3267 1875 3324; x_wconf 80' lang='lat' dir='ltr'>terrae</span> <span class='ocrx_word' id='word_1_170' title='bbox 1917 3258 2185 3324; x_wconf 88' lang='lat' dir='ltr'>illibata</span> <span class='ocrx_word' id='word_1_171' title='bbox 2227 3267 2297 3325; x_wconf 89' lang='lat' dir='ltr'>et</span> <span class='ocrx_word' id='word_1_172' title='bbox 2333 3261 2605 3342; x_wconf 80' lang='lat' dir='ltr'>integra</span> <span class='ocrx_word' id='word_1_173' title='bbox 2639 3279 3086 3339; x_wconf 79' lang='lat' dir='ltr'>conservare3</span> 
     </span>
     <span class='ocr_line' id='line_1_30' title="bbox 1224 3359 3086 3441; baseline 0.001 -19"><span class='ocrx_word' id='word_1_174' title='bbox 1224 3378 1350 3423; x_wconf 90' lang='lat' dir='ltr'>nos</span> <span class='ocrx_word' id='word_1_175' title='bbox 1379 3367 1607 3424; x_wconf 88' lang='lat' dir='ltr'>autem</span> <span class='ocrx_word' id='word_1_176' title='bbox 1640 3359 1828 3441; x_wconf 90' lang='lat' dir='ltr'>pium</span> <span class='ocrx_word' id='word_1_177' title='bbox 1856 3367 1928 3424; x_wconf 91' lang='lat' dir='ltr'>et</span> <span class='ocrx_word' id='word_1_178' title='bbox 1958 3359 2301 3423; x_wconf 88' lang='lat' dir='ltr'>laudabile</span> <span class='ocrx_word' id='word_1_179' title='bbox 2327 3359 2735 3424; x_wconf 89' lang='lat' dir='ltr'>desiderium</span> <span class='ocrx_word' id='word_1_180' title='bbox 2765 3367 2971 3425; x_wconf 89' lang='lat' dir='ltr'>tuum</span> <span class='ocrx_word' id='word_1_181' title='bbox 2999 3360 3086 3424; x_wconf 84' lang='lat' dir='ltr'>fa-</span> 
     </span>
     <span class='ocr_line' id='line_1_31' title="bbox 1223 3459 3086 3542; baseline 0.001 -20"><span class='ocrx_word' id='word_1_182' title='bbox 1223 3478 1387 3522; x_wconf 84' lang='lat' dir='ltr'>vore</span> <span class='ocrx_word' id='word_1_183' title='bbox 1421 3478 1726 3541; x_wconf 76' lang='lat' dir='ltr'>congruo</span> <span class='ocrx_word' id='word_1_184' title='bbox 1762 3466 2277 3542; x_wconf 88' lang='lat' dir='ltr'>prosequentes,</span> <span class='ocrx_word' id='word_1_185' title='bbox 2319 3466 2390 3524; x_wconf 89' lang='lat' dir='ltr'>et</span> <span class='ocrx_word' id='word_1_186' title='bbox 2432 3459 2749 3542; x_wconf 89' lang='lat' dir='ltr'>petitioni</span> <span class='ocrx_word' id='word_1_187' title='bbox 2797 3467 2942 3524; x_wconf 80' lang='lat' dir='ltr'>tuae</span> <span class='ocrx_word' id='word_1_188' title='bbox 2978 3462 3086 3523; x_wconf 84' lang='lat' dir='ltr'>be-</span> 
     </span>
     <span class='ocr_line' id='line_1_32' title="bbox 1222 3557 3083 3642; baseline 0.002 -21"><span class='ocrx_word' id='word_1_189' title='bbox 1222 3557 1505 3638; x_wconf 83' lang='lat' dir='ltr'>nignum</span> <span class='ocrx_word' id='word_1_190' title='bbox 1535 3559 1999 3640; x_wconf 88' lang='lat' dir='ltr'>impendentes</span> <span class='ocrx_word' id='word_1_191' title='bbox 2026 3577 2408 3636; x_wconf 89' lang='lat' dir='ltr'>assensum,</span> <span class='ocrx_word' id='word_1_192' title='bbox 2441 3566 2717 3640; x_wconf 82' lang='lat' dir='ltr'>gratum</span> <span class='ocrx_word' id='word_1_193' title='bbox 2748 3566 2823 3623; x_wconf 87' lang='lat' dir='ltr'>et</span> <span class='ocrx_word' id='word_1_194' title='bbox 2852 3579 3083 3642; x_wconf 85' lang='lat' dir='ltr'>accep-</span> 
     </span>
     <span class='ocr_line' id='line_1_33' title="bbox 1222 3657 3083 3741; baseline 0.002 -22"><span class='ocrx_word' id='word_1_195' title='bbox 1222 3663 1364 3720; x_wconf 90' lang='lat' dir='ltr'>tum</span> <span class='ocrx_word' id='word_1_196' title='bbox 1409 3657 1765 3734; x_wconf 87' lang='lat' dir='ltr'>habemus,</span> <span class='ocrx_word' id='word_1_197' title='bbox 1803 3666 1882 3722; x_wconf 87' lang='lat' dir='ltr'>ut</span> <span class='ocrx_word' id='word_1_198' title='bbox 1928 3678 2053 3741; x_wconf 89' lang='lat' dir='ltr'>pro</span> <span class='ocrx_word' id='word_1_199' title='bbox 2094 3658 2462 3733; x_wconf 79' lang='lat' dir='ltr'>dilatandis</span> <span class='ocrx_word' id='word_1_200' title='bbox 2506 3658 2816 3723; x_wconf 82' lang='lat' dir='ltr'>ecclesiae</span> <span class='ocrx_word' id='word_1_201' title='bbox 2858 3661 3083 3723; x_wconf 86' lang='lat' dir='ltr'>termi—</span> 
     </span>
     <span class='ocr_line' id='line_1_34' title="bbox 1218 3756 3083 3841; baseline 0.002 -23"><span class='ocrx_word' id='word_1_202' title='bbox 1218 3756 1350 3832; x_wconf 90' lang='lat' dir='ltr'>nis,</span> <span class='ocrx_word' id='word_1_203' title='bbox 1379 3775 1504 3838; x_wconf 89' lang='lat' dir='ltr'>pro</span> <span class='ocrx_word' id='word_1_204' title='bbox 1537 3757 1858 3820; x_wconf 83' lang='lat' dir='ltr'>vitiorum</span> <span class='ocrx_word' id='word_1_205' title='bbox 1903 3757 2375 3839; x_wconf 83' lang='lat' dir='ltr'>restringendo</span> <span class='ocrx_word' id='word_1_206' title='bbox 2414 3757 2749 3834; x_wconf 88' lang='lat' dir='ltr'>discursu,</span> <span class='ocrx_word' id='word_1_207' title='bbox 2776 3779 2904 3841; x_wconf 91' lang='lat' dir='ltr'>pro</span> <span class='ocrx_word' id='word_1_208' title='bbox 2940 3779 3083 3823; x_wconf 87' lang='lat' dir='ltr'>cor-</span> 
     </span>
     <span class='ocr_line' id='line_1_35' title="bbox 1217 3855 3083 3940; baseline 0.003 -23"><span class='ocrx_word' id='word_1_209' title='bbox 1217 3855 1519 3936; x_wconf 83' lang='lat' dir='ltr'>rigendis</span> <span class='ocrx_word' id='word_1_210' title='bbox 1575 3855 1877 3920; x_wconf 89' lang='lat' dir='ltr'>moribus</span> <span class='ocrx_word' id='word_1_211' title='bbox 1939 3864 2009 3922; x_wconf 90' lang='lat' dir='ltr'>et</span> <span class='ocrx_word' id='word_1_212' title='bbox 2062 3858 2430 3921; x_wconf 86' lang='lat' dir='ltr'>virtutibus</span> <span class='ocrx_word' id='word_1_213' title='bbox 2490 3858 2894 3937; x_wconf 89' lang='lat' dir='ltr'>inserendis,</span> <span class='ocrx_word' id='word_1_214' title='bbox 2962 3878 3083 3940; x_wconf 84' lang='lat' dir='ltr'>pro</span> 
     </span>
     <span class='ocr_line' id='line_1_36' title="bbox 1220 3954 3081 4038; baseline 0.002 -20"><span class='ocrx_word' id='word_1_215' title='bbox 1220 3954 1631 4019; x_wconf 73' lang='lat' dir='ltr'>Christianae</span> <span class='ocrx_word' id='word_1_216' title='bbox 1695 3955 2047 4037; x_wconf 79' lang='lat' dir='ltr'>relig-ionis</span> <span class='ocrx_word' id='word_1_217' title='bbox 2102 3965 2494 4038; x_wconf 84' lang='lat' dir='ltr'>augmento,</span> <span class='ocrx_word' id='word_1_218' title='bbox 2548 3957 2848 4021; x_wconf 91' lang='lat' dir='ltr'>insulam</span> <span class='ocrx_word' id='word_1_219' title='bbox 2897 3958 3081 4021; x_wconf 87' lang='lat' dir='ltr'>illam</span> 
     </span>
     <span class='ocr_line' id='line_1_37' title="bbox 1215 4054 3081 4138; baseline 0.001 -21"><span class='ocrx_word' id='word_1_220' title='bbox 1215 4054 1619 4135; x_wconf 85' lang='lat' dir='ltr'>ingrediaris</span> <span class='ocrx_word' id='word_1_221' title='bbox 1663 4061 1735 4119; x_wconf 89' lang='lat' dir='ltr'>et</span> <span class='ocrx_word' id='word_1_222' title='bbox 1776 4075 1931 4138; x_wconf 82' lang='lat' dir='ltr'>quae</span> <span class='ocrx_word' id='word_1_223' title='bbox 1975 4056 2061 4119; x_wconf 88' lang='lat' dir='ltr'>ad</span> <span class='ocrx_word' id='word_1_224' title='bbox 2115 4056 2436 4121; x_wconf 89' lang='lat' dir='ltr'>honorem</span> <span class='ocrx_word' id='word_1_225' title='bbox 2481 4056 2617 4121; x_wconf 90' lang='lat' dir='ltr'>Dei</span> <span class='ocrx_word' id='word_1_226' title='bbox 2669 4064 2742 4122; x_wconf 88' lang='lat' dir='ltr'>et</span> <span class='ocrx_word' id='word_1_227' title='bbox 2791 4057 3081 4122; x_wconf 85' lang='lat' dir='ltr'>salutem</span> 
     </span>
     <span class='ocr_line' id='line_1_38' title="bbox 1214 4153 3083 4239; baseline 0.002 -23"><span class='ocrx_word' id='word_1_228' title='bbox 1214 4153 1400 4218; x_wconf 90' lang='lat' dir='ltr'>illius</span> <span class='ocrx_word' id='word_1_229' title='bbox 1433 4161 1635 4218; x_wconf 79' lang='lat' dir='ltr'>terrae</span> <span class='ocrx_word' id='word_1_230' title='bbox 1663 4156 2128 4237; x_wconf 85' lang='lat' dir='ltr'>spectaverint</span> <span class='ocrx_word' id='word_1_231' title='bbox 2162 4157 2583 4239; x_wconf 87' lang='lat' dir='ltr'>exsequaris,</span> <span class='ocrx_word' id='word_1_232' title='bbox 2619 4165 2691 4221; x_wconf 87' lang='lat' dir='ltr'>et</span> <span class='ocrx_word' id='word_1_233' title='bbox 2723 4157 2911 4220; x_wconf 90' lang='lat' dir='ltr'>illius</span> <span class='ocrx_word' id='word_1_234' title='bbox 2950 4165 3083 4221; x_wconf 85' lang='lat' dir='ltr'>ter·</span> 
     </span>
     <span class='ocr_line' id='line_1_39' title="bbox 1213 4255 3079 4337; baseline 0.001 -20"><span class='ocrx_word' id='word_1_235' title='bbox 1213 4273 1309 4317; x_wconf 82' lang='lat' dir='ltr'>rae</span> <span class='ocrx_word' id='word_1_236' title='bbox 1352 4255 1649 4337; x_wconf 81' lang='lat' dir='ltr'>populus</span> <span class='ocrx_word' id='word_1_237' title='bbox 1697 4262 1766 4317; x_wconf 88' lang='lat' dir='ltr'>te</span> <span class='ocrx_word' id='word_1_238' title='bbox 1811 4256 2096 4337; x_wconf 86' lang='lat' dir='ltr'>recipiat</span> <span class='ocrx_word' id='word_1_239' title='bbox 2143 4262 2214 4319; x_wconf 86' lang='lat' dir='ltr'>et</span> <span class='ocrx_word' id='word_1_240' title='bbox 2262 4257 2441 4320; x_wconf 91' lang='lat' dir='ltr'>sicut</span> <span class='ocrx_word' id='word_1_241' title='bbox 2476 4256 2824 4319; x_wconf 90' lang='lat' dir='ltr'>dominum</span> <span class='ocrx_word' id='word_1_242' title='bbox 2879 4276 3079 4320; x_wconf 83' lang='lat' dir='ltr'>vene·</span> 
     </span>
     <span class='ocr_line' id='line_1_40' title="bbox 1212 4354 3077 4439; baseline 0.003 -23"><span class='ocrx_word' id='word_1_243' title='bbox 1212 4360 1423 4430; x_wconf 89' lang='lat' dir='ltr'>retur,</span> <span class='ocrx_word' id='word_1_244' title='bbox 1445 4354 1605 4437; x_wconf 76' lang='lat' dir='ltr'>Jure</span> <span class='ocrx_word' id='word_1_245' title='bbox 1633 4354 2073 4418; x_wconf 85' lang='lat' dir='ltr'>ecclesiarum</span> <span class='ocrx_word' id='word_1_246' title='bbox 2106 4354 2374 4420; x_wconf 90' lang='lat' dir='ltr'>illibato</span> <span class='ocrx_word' id='word_1_247' title='bbox 2401 4362 2473 4420; x_wconf 87' lang='lat' dir='ltr'>et</span> <span class='ocrx_word' id='word_1_248' title='bbox 2510 4356 2781 4437; x_wconf 85' lang='lat' dir='ltr'>integro</span> <span class='ocrx_word' id='word_1_249' title='bbox 2812 4376 3077 4439; x_wconf 88' lang='lat' dir='ltr'>perma-</span> 
     </span>
    </p>
   </div>
   <div class='ocr_carea' id='block_1_5' title="bbox 1283 4503 3082 4570">
    <p class='ocr_par' dir='ltr' id='par_1_6' title="bbox 1283 4503 3082 4570">
     <span class='ocr_line' id='line_1_41' title="bbox 1283 4503 3082 4570; baseline 0.001 -15"><span class='ocrx_word' id='word_1_250' title='bbox 1283 4503 1615 4570; x_wconf 56' lang='lat' dir='ltr'>¹Adrumua1</span> <span class='ocrx_word' id='word_1_251' title='bbox 1641 4507 1885 4566; x_wconf 83' lang='lat' dir='ltr'>Compare</span> <span class='ocrx_word' id='word_1_252' title='bbox 1918 4506 2122 4567; x_wconf 84' lang='lat' dir='ltr'>Rymer,</span> <span class='ocrx_word' id='word_1_253' title='bbox 2216 4503 2507 4555; x_wconf 75' lang='lat' dir='ltr'>&#39;Plantaria</span> <span class='ocrx_word' id='word_1_254' title='bbox 2521 4507 2880 4570; x_wconf 54' lang='lat' dir='ltr'>exstirpanda]</span> <span class='ocrx_word' id='word_1_255' title='bbox 2902 4508 3082 4557; x_wconf 73' lang='lat' dir='ltr'>‘Plan-</span> 
     </span>
    </p>
   </div>
   <div class='ocr_carea' id='block_1_6' title="bbox 1208 4572 2895 4638">
    <p class='ocr_par' dir='ltr' id='par_1_7' title="bbox 1208 4572 2895 4638">
     <span class='ocr_line' id='line_1_42' title="bbox 1208 4572 2895 4638; baseline 0.001 -14"><span class='ocrx_word' id='word_1_256' title='bbox 1208 4577 1245 4626; x_wconf 90' lang='lat' dir='ltr'>i.</span> <span class='ocrx_word' id='word_1_257' title='bbox 1280 4592 1330 4638; x_wconf 89' lang='lat' dir='ltr'>p.</span> <span class='ocrx_word' id='word_1_258' title='bbox 1358 4581 1449 4637; x_wconf 76' lang='lat'>163</span> <span class='ocrx_word' id='word_1_259' title='bbox 1500 4577 1678 4625; x_wconf 72' lang='lat' dir='ltr'>Baton.</span> <span class='ocrx_word' id='word_1_260' title='bbox 1718 4576 1902 4625; x_wconf 83' lang='lat' dir='ltr'>Annal.</span> <span class='ocrx_word' id='word_1_261' title='bbox 1938 4576 2005 4624; x_wconf 87' lang='lat' dir='ltr'>ad</span> <span class='ocrx_word' id='word_1_262' title='bbox 2037 4591 2119 4625; x_wconf 85' lang='lat' dir='ltr'>an.</span> <span class='ocrx_word' id='word_1_263' title='bbox 2167 4577 2311 4626; x_wconf 71' lang='lat' dir='ltr'>tan-iia</span> <span class='ocrx_word' id='word_1_264' title='bbox 2332 4572 2682 4637; x_wconf 70' lang='lat' dir='ltr'>exstirpandis&#39;</span> <span class='ocrx_word' id='word_1_265' title='bbox 2705 4577 2755 4625; x_wconf 89' lang='lat' dir='ltr'>in</span> <span class='ocrx_word' id='word_1_266' title='bbox 2781 4577 2895 4626; x_wconf 82' lang='lat' dir='ltr'>MS.</span> 
     </span>
    </p>
   </div>
   <div class='ocr_carea' id='block_1_7' title="bbox 1212 4644 1531 4710">
    <p class='ocr_par' dir='ltr' id='par_1_8' title="bbox 1212 4644 1531 4710">
     <span class='ocr_line' id='line_1_43' title="bbox 1212 4644 1531 4710; baseline 0.009 -17"><span class='ocrx_word' id='word_1_267' title='bbox 1212 4650 1357 4707; x_wconf 78' lang='lat'>11⁵⁰,</span> <span class='ocrx_word' id='word_1_268' title='bbox 1377 4644 1402 4710; x_wconf 83' lang='lat'>§</span> <span class='ocrx_word' id='word_1_269' title='bbox 1424 4647 1531 4696; x_wconf 82' lang='lat' dir='ltr'>xxi.</span> 
     </span>
    </p>
   </div>
  </div>
 </body>
</html>
