3457 5887
1237 817 1367 882 104
1723 836 1987 885 uocum
2035 838 2130 885 nn
2174 837 2587 888 wannovna

925 1003 1034 1044 m>-
1055 1006 1166 1045 ¹⁰⁹⁸-
1235 1010 1385 1069 eos,
1440 990 1623 1075 quod
1681 991 2035 1058 duodecim
2092 1013 2181 1058 ex
2237 993 2611 1077 majoribus
2662 1007 2898 1054 eorum
2947 1007 3100 1052 cum

920 1053 1219 1147 &hm-⁸.
1240 1091 1395 1155 aliis
1427 1100 1850 1157 corruerunt.
1924 1091 2131 1157 Cives
2160 1093 2246 1158 de
2274 1101 2476 1158 nocte
2509 1109 2789 1156 suorum
2819 1105 3103 1170 corpora

1240 1189 1712 1256 defunctorum
1769 1192 2141 1275 sepulturae
2192 1192 2641 1269 tradiderunt,
2694 1188 2816 1254 sed
2865 1186 3103 1262 nostri,

1241 1287 1483 1354 funera
1539 1310 1773 1355 eorum
1832 1290 2250 1370 effodientes,
2299 1311 2564 1368 aurum,
2619 1294 2978 1371 argentum
3036 1292 3105 1348 et

1238 1395 1467 1453 vestes
1508 1391 1846 1473 pretiosas
1876 1409 1966 1455 ex
1999 1391 2600 1474 sepultiscauibus
2632 1390 3106 1460 extraxerunt,

1241 1505 1396 1568 quae
1424 1489 1655 1554 omnia
1679 1489 1751 1553 in
1778 1508 1946 1554 usus
1988 1508 2365 1573 pauperum
2408 1489 2921 1574 peregrinorum
2961 1502 3105 1547 ces-

1241 1596 1499 1652 serunt.

1412 1758 1510 1825 Do
1535 1760 1701 1844 equis
1732 1758 1960 1827 duobus
1986 1757 2259 1826 millibus
2283 1780 2326 1824 α
2341 1758 2688 1846 persp-inis
2714 1757 2931 1842 captis.

923 1899 1114 1991 2¹33&
1343 1882 1517 1948 Post
1558 1883 1735 1949 hanc
1769 1892 1998 1950 autem
2035 1885 2392 1950 victoriam
2436 1881 2765 1948 divinitus
2806 1878 3108 1964 peregri-

1108 1977 1119 1989 ’
1244 1983 1351 2046 nis
1393 2001 1812 2063 concessam,
1858 1992 1937 2048 ut
1986 1990 2217 2049 castra
2263 2003 2447 2049 nova
2490 1980 2803 2066 quaedam
2853 1987 2926 2044 et
2969 1997 3107 2040 ma-

1241 2080 1479 2146 chinas
1536 2081 1625 2146 ad
1675 2083 2254 2166 expugnationem
2308 2083 2495 2146 urbis
2544 2079 3109 2153 construxissent,

1242 2181 1604 2245 audierunt
1628 2182 1810 2264 quod
1840 2183 2025 2247 cives
2052 2202 2178 2266 pro
2205 2181 2472 2247 defectu
2498 2179 2735 2264 pabuli
2765 2178 2856 2242 ad
2885 2178 3110 2241 locum

1241 2280 1581 2363 quendam
1651 2282 2043 2364 pascualem
2110 2301 2325 2365 equos
2387 2300 2550 2345 suos
2616 2284 3112 2346 consueverant

1243 2378 1610 2458 destinare,
1665 2381 1786 2462 qui
1835 2382 1957 2445 vix
2009 2382 2097 2444 ab
2151 2381 2319 2445 urbe
2365 2388 2661 2464 quatuor
2704 2377 3111 2442 milliaribus

1243 2477 1498 2542 distare
1554 2479 1953 2559 videbatur3
2018 2479 2203 2563 quod
2251 2480 2469 2545 nostri
2509 2484 3003 2561 cognoscentes
3043 2484 3112 2540 et

1244 2577 1330 2641 ad
1367 2577 1591 2643 locum
1625 2579 2020 2660 pascualem
2054 2586 2520 2663 properantes,
2557 2577 2801 2643 occisis
2842 2575 2966 2660 qui
3001 2595 3110 2639 ar-

1242 2677 1489 2741 mentis
1531 2685 1874 2760 praeerant
1910 2685 1983 2743 et
2020 2679 2239 2761 equis,
2271 2678 2578 2761 exceptis
2619 2677 2822 2741 mulis
2851 2682 2925 2740 et
2964 2694 3110 2738 mu-

1244 2775 1466 2853 labus,
1517 2776 1654 2841 duo
1710 2776 1927 2840 millia
1985 2795 2313 2861 equorum
2369 2777 2694 2842 nobilium
2736 2776 2826 2840 ad
2882 2783 3113 2839 castra

1245 2874 1695 2940 deduxerunt.
1803 2875 1940 2941 Per
1995 2877 2175 2941 idem
2203 2896 2493 2961 ,quoque
2545 2883 2814 2959 tempus
2862 2874 3114 2939 Balde-

1245 2975 1490 3052 winus»,
1519 2975 1714 3040 ducis
1748 2974 2104 3042 Godefridi
2134 2976 2368 3055 frater,
2409 2977 2552 3060 qui,
2594 2984 2682 3049 ut,
2710 2975 3115 3058 praedictum

1246 3081 1376 3153 est,
1442 3074 1773 3140 Edessam
1832 3076 2323 3160 subjugaverat
2382 3076 2756 3153 civitatem,
2825 3074 3112 3139 audieus

1244 3174 1426 3256 quod
1480 3175 1824 3258 peregrini
1865 3194 2118 3257 magna
2159 3195 2383 3240 rerum
2424 3175 2815 3239 laborarent
2854 3174 3113 3256 inopia,

1246 3274 1472 3337 missis
1500 3273 1696 3337 donis
1733 3275 2152 3356 ingentibus,
2193 3275 2267 3338 in
2300 3293 2491 3352 auro,
2530 3279 2839 3356 argento,
2875 3274 3110 3337 sericis

1244 3378 1316 3436 et
1346 3372 1540 3455 equis
1568 3372 1910 3454 pretiosis,
1943 3392 2053 3437 res
2082 3373 2463 3457 principum
2495 3372 2920 3455 singulorum
2957 3373 3110 3437 red-

1245 3469 1417 3533 didit
1476 3470 1885 3552 ampliores3
1948 3472 2229 3555 insuper
2292 3479 2521 3537 autem
2580 3480 2652 3537 et
2704 3472 2861 3536 duci
2915 3471 3109 3536 fratri

1244 3587 1395 3645 suo,
1441 3569 1560 3651 qui
1607 3568 1693 3632 de
1748 3575 1936 3633 terra
1989 3571 2172 3636 circa
2220 3571 2638 3655 Euphratem
2689 3570 3110 3654 possidebat,

1244 3686 1479 3731 omnes
1512 3667 1818 3732 redditus
1845 3668 1917 3732 in
1945 3668 2309 3750 frumento,
2338 3672 2522 3749 vino,
2552 3669 2805 3734 hordeo
2836 3677 2909 3734 et
2934 3670 3110 3749 oleo,

1245 3785 1508 3831 necnon
1556 3774 1627 3832 et
1672 3786 2035 3833 aureorum
2078 3770 2576 3853 quinquaginta
2628 3769 2842 3833 millia
2902 3769 3113 3834 desti-

1244 3865 1461 3932 navit.
1561 3866 1822 3931 Eodem
1865 3875 2167 3952 tempore
2203 3871 2590 3934 nuntiatum
2634 3877 2742 3933 est
2785 3869 3115 3952 principi-

1245 3964 1397 4041 bus,
1428 3966 1611 4047 quod
1643 3960 2040 4044 ¹Soldanus‚
2070 3966 2438 4034 Persarum
2468 3968 2808 4047 dominus,
2840 3968 2930 4032 ad
2963 3966 3111 4032 An·

1243 4063 1711 4129 tiocheuorum
1744 4065 2142 4132 instantiam
2182 4074 2253 4132 et
2294 4087 2573 4132 suorum
2613 4066 3114 4150 postulationes

1245 4163 1582 4243 assiduaS,
1655 4164 2182 4230 innumerabiles
2257 4176 2673 4231 armatorum
2740 4166 2977 4248 copias
3043 4167 3115 4230 in

1246 4260 1514 4345 Syriam
1564 4264 2060 4341 transmiserat,
2095 4285 2251 4348 quae
2296 4265 2445 4349 jam
2488 4265 2861 4344 imminere,
2916 4265 3118 4349 quasi

1244 4380 1388 4444 pree
1441 4361 1723 4440 foribus,
1779 4363 2196 4430 dicebantur.
2300 4364 2535 4449 Hujus
2583 4383 2854 4448 quoque
2915 4364 3115 4429 famae

1773 4614 1791 4650 ¹
1822 4618 2101 4683 Somnum]
2134 4620 2150 4647 ι
2168 4614 2465 4683 εοιωωιυες
2501 4622 2562 4670 e.
