3457 5887
1118 765 1206 830 32
1621 781 1885 829 nocam
1933 781 2027 828 na
2069 779 2474 829 wannovnn

804 956 1044 999 axz-1⁰⁸&
1119 943 1297 1006 idem
1322 940 1499 1017 Odo,
1524 940 1670 1004 haec
1705 941 2022 1022 Rogems
2048 941 2132 1004 de
2151 941 2228 1004 M
2232 937 2817 1013 onte-Gomerico,
2844 935 3000 998 haec

1120 1041 1442 1105 dixerunt
1459 1034 1879 1118 ¹Gaufridu8,
1899 1040 2517 1104 Constantiniensis
2540 1038 2818 1120 praesul,
2839 1054 2998 1099 cum

1122 1141 1369 1204 comite
1403 1139 2089 1204 Northumbrensium
2127 1139 2456 1214 Roberto‚
2488 1146 2558 1201 et
2587 1137 2705 1200 alii
2734 1136 2992 1218 plnres,

1123 1241 1242 1321 qui
1264 1233 1530 1302 ²omnes
1560 1239 1778 1320 primo
1806 1238 2005 1314 clam,
2025 1245 2094 1302 et
2125 1246 2284 1320 post
2315 1238 2565 1320 palam,
2592 1236 2819 1299 missis
2848 1232 2994 1314 epi-

1125 1338 1321 1402 stolis
1378 1337 1925 1419 frequentabant.
2027 1336 2413 1401 Willelmus
2459 1337 2663 1400 etiam
2727 1332 2993 1397 Dunel-

1124 1436 1377 1501 mensis
1421 1437 1806 1517 episcopua,
1854 1454 2054 1517 quem
2098 1455 2217 1499 rex
2251 1435 2637 1499 Willelmus
2673 1432 2990 1517 justicia-

1125 1536 1300 1599 rium
1355 1535 1630 1611 fecerat,
1687 1536 1762 1599 in
1832 1555 2062 1598 eorum
2125 1534 2476 1616 perfidiam
2544 1532 2989 1614 conspirarat.

1130 1635 1379 1717 Itaque
1421 1634 1573 1698 Odo
1620 1634 1918 1715 praedam
1974 1634 2316 1715 ingentem
2363 1633 2448 1696 ad
2494 1632 2799 1696 Rofense
2842 1649 2989 1692 cas-

1128 1740 1309 1797 trum
1344 1734 1836 1814 comportabat,
1867 1733 2091 1813 regios
2133 1733 2204 1795 in
2241 1731 2492 1795 Cantia
2524 1732 2726 1793 fiscos
2754 1730 2990 1792 devas-

1128 1841 1286 1896 tans
1330 1839 1400 1895 et
1448 1832 1746 1894 maxime
1797 1840 2015 1895 terras
2069 1831 2555 1913 archiepiscopi
2602 1829 2988 1902 Lansranci,

1130 1950 1212 1994 eo
1258 1930 1437 2013 quod
1478 1949 1518 1993 a
1561 1931 1779 2011 primo
1823 1950 1982 2012 rege
2023 1929 2369 1993 Willelmo
2413 1929 2694 1992 consilio
2735 1929 2884 2011 ejus
2920 1946 2989 1988 se

1132 2030 1511 2112 conjectum
1550 2029 1622 2091 in
1654 2029 1946 2092 vinculis
1989 2030 2381 2107 asserebat3
2432 2047 2588 2090 nam
2631 2047 2787 2091 cum
2832 2026 2985 2089 olim

1130 2128 1516 2192 Willelmus
1567 2147 1688 2191 rex
1736 2129 1962 2191 senior
2006 2146 2232 2191 coram
2274 2127 2660 2191 Lansranco
2702 2145 2992 2207 conque-

1132 2236 1393 2291 reretur
1419 2247 1492 2290 se
1524 2228 1610 2289 ab
1641 2227 1880 2290 Odone
1914 2227 2124 2290 fratre
2153 2247 2279 2291 suo
2305 2233 2375 2289 et
2405 2227 2724 2308 episcopo
2754 2224 2991 2298 deseri,

1131 2333 1151 2361 ‘
1181 2325 1334 2403 Tu,’
1386 2325 1608 2407 inquit
1661 2325 2109 2402 Lana-ancus,
2158 2332 2178 2360 ‘
2205 2325 2632 2408 apprehende
2680 2324 2871 2387 illum
2925 2330 2992 2385 et

1128 2425 1311 2490 vinci
1331 2424 1370 2504 ς’
1420 2432 1490 2488 et
1534 2444 1697 2505 rege
1745 2424 2218 2507 respondente,
2262 2425 2442 2507 quod
2484 2424 2766 2488 clericus
2815 2428 2991 2484 esset

1132 2532 1202 2588 et
1230 2525 1611 2607 episcopuS,
1639 2524 1988 2606 respondit
2018 2524 2585 2606 archiepiscopus,
2620 2528 2640 2556 ‘
2663 2521 2823 2585 Non
2854 2521 2992 2602 epi-

1132 2619 1456 2705 scopum,’
1489 2622 1610 2699 ait,
1643 2629 1662 2657 ‘
1685 2624 2129 2687 Baiocensem
2158 2624 2408 2705 capie8‚
2440 2622 2558 2685 sed
2584 2621 2851 2685 Cantiae
2884 2639 2994 2682 co·

1132 2723 1364 2785 mitem
1385 2722 1725 2785 custodies
1747 2721 1785 2800 ;'
1813 2721 1992 2804 quod
2012 2730 2082 2785 et
2097 2723 2350 2785 factum
2370 2729 2492 2785 est.
2560 2720 2784 2802 Igitur
2808 2718 2993 2783 Gau-

1135 2820 1373 2897 fridus,
1407 2819 2021 2884 Constantiniensis
2047 2823 2357 2897 antiste8‚
2391 2839 2543 2884 cum
2572 2826 2820 2902 nepote
2854 2819 2992 2882 Ro·

1134 2921 1352 2996 berto,
1387 2912 1836 2985 ³Bathoniam
1870 2927 1941 2984 et
1979 2919 2405 2985 Berkeleiam
2448 2919 2892 3002 depopulans,
2927 2920 2992 2982 in

1134 3039 1314 3102 pago
1346 3020 1667 3084 Wiltensi
1694 3021 2012 3084 manubia
2046 3020 2225 3101 apud
2260 3019 2659 3083 Bristollum
2695 3037 2999 3100 compor-

1135 3121 1351 3183 tabat.
1471 3118 1787 3199 Rogerus
1848 3120 1932 3182 de
1992 3118 2647 3194 Monte-Gomerico,
2702 3125 2995 3180 armatos

1134 3237 1289 3281 cum
1333 3216 1801 3280 Wallensibus
1856 3236 1898 3280 a
1959 3218 2434 3282 Scrobesberia
2488 3217 2809 3298 dirigens,
2848 3216 2995 3279 Wi-

1135 3496 1318 3557 stated,
1335 3497 1551 3558 namely,
1572 3495 1679 3544 that
1699 3497 1885 3559 having
1908 3503 2046 3559 great
2095 3500 2193 3549 and
2236 3500 2353 3550 died
2395 3515 2459 3550 on
2500 3501 2585 3549 the
2623 3501 2707 3550 4th
2745 3500 2996 3561 February

1135 3566 1445 3628 possessione
1496 3568 1548 3614 in
1591 3566 1708 3614 both
1754 3567 2043 3629 Normandy
2097 3573 2239 3619 1093.
2310 3570 2545 3620 Malmsb.
2562 3586 2616 3632 p.
2637 3575 2752 3633 48⁷,
2772 3575 2879 3619 note
2896 3568 2929 3619 ¹.

1136 3636 1238 3685 and
1257 3635 1504 3696 England,
1525 3635 1570 3683 if
1584 3635 1665 3685 the
1687 3637 1874 3698 empire
1890 3637 1946 3685 of
1962 3638 2044 3686 the

1136 3710 1238 3753 two
1258 3706 1505 3754 countries
1525 3719 1632 3774 was
1662 3711 1713 3755 to
1736 3707 1797 3754 be
1824 3707 2047 3767 divided,
2163 3704 2185 3738 ²
2209 3709 2383 3757 Omnes
2413 3709 2570 3772 primo
2604 3710 2780 3773 clena]
2827 3711 2843 3737 ‘
2870 3708 3002 3757 Exe-

1138 3775 1180 3822 it
1203 3775 1375 3823 would
1399 3776 1460 3823 be
1490 3775 1775 3836 impossible
1808 3776 1882 3824 for
1912 3776 2043 3824 them
2096 3779 2280 3826 crabile
2315 3779 2407 3828 hoc
2440 3778 2626 3827 sactum
2661 3781 2788 3829 clam
2820 3784 2998 3828 tracta-

1139 3848 1192 3892 to
1244 3843 1374 3906 keep
1428 3859 1490 3893 on
1550 3845 1675 3894 such
1718 3850 1870 3894 terms
1922 3845 2043 3893 with
2097 3853 2272 3895 verunt
2313 3849 2366 3896 in
2410 3849 2827 3911 Quadragesima,
2868 3849 3000 3909 quod

1139 3913 1257 3962 both
1279 3914 1464 3974 parties
1485 3928 1543 3962 as
1564 3918 1615 3962 to
1634 3914 1810 3962 enable
1840 3914 1972 3963 them
1995 3920 2046 3964 to
2096 3918 2194 3966 cito
2237 3917 2291 3964 in
2326 3918 2492 3979 palam
2537 3921 2788 3981 prorumpi
2834 3924 3004 3981 posset

1139 3987 1330 4044 protect
1370 3982 1499 4030 their
1535 3989 1783 4044 property.
1853 3983 1903 4032 It
1939 3999 2045 4033 was
2096 3993 2209 4048 post
2231 3987 2430 4036 Pascha
2447 3988 2480 4049 ς’
2523 3989 2655 4040 Flor.
2677 3990 2900 4052 Wigorn.

1137 4051 1379 4101 therefore
1407 4052 1535 4100 their
1562 4053 1796 4100 intention
1827 4057 1878 4101 to
1902 4053 2045 4114 place

1140 4120 1344 4180 Robert,
1385 4121 1501 4170 who
1543 4135 1648 4169 was
1692 4122 1898 4183 already
1932 4137 2045 4184 pos-
2162 4118 2183 4148 ³
2204 4121 2497 4171 Buteonem
2547 4128 2597 4172 et
2639 4125 3001 4187 Ber-hemam]

1138 4191 1306 4238 sessed
1345 4189 1403 4237 os
1440 4190 1749 4252 Normandy,
1782 4206 1918 4252 upon
1962 4192 2043 4240 the
2095 4189 2111 4216 ‘
2129 4190 2407 4253 Gofl‘ridus,
2441 4194 2706 4254 episcopus
2742 4194 3005 4244 cantuari·

1135 4259 1309 4307 throne
1340 4258 1397 4307 of
1425 4259 1675 4320 England,
1695 4261 1796 4308 and
1827 4276 1883 4309 so
1915 4260 2043 4322 keep
2095 4261 2244 4321 ensis,
2282 4267 2332 4310 et
2363 4262 2642 4311 Rodbertus
2677 4264 2741 4312 de
2786 4263 3002 4312 Mulbrei

1137 4328 1256 4378 both
1279 4327 1541 4389 kingdoms
1563 4330 1753 4379 united.
2093 4329 2289 4379 iverunt
2310 4332 2602 4392 Brycstone,
2636 4333 2724 4381 ubi
2759 4333 3004 4382 habebant

1205 4393 1223 4425 ¹
1261 4397 1545 4456 Germ-idus.
1582 4392 1603 4465 J
1675 4398 1912 4459 Geoffrey
1980 4399 2042 4448 de
2094 4406 2310 4448 castrum
2327 4401 2665 4462 fortissimum,
2679 4407 2732 4450 et
2744 4404 2906 4451 omnia
2921 4403 3006 4451 de·

1135 4465 1424 4527 Montbray,
1469 4466 1644 4528 bishop
1688 4467 1747 4515 os
1772 4468 2043 4530 Coutance,
2094 4471 2370 4530 vastabant,
2400 4484 2562 4532 usque
2593 4471 2777 4534 locum,
2809 4473 2896 4533 qui
2925 4487 3007 4520 vo·

1133 4550 1242 4586 was
1278 4535 1417 4586 chief
1437 4536 1671 4597 justiciar
1706 4536 1765 4587 of
1795 4537 2042 4602 England,
2093 4544 2236 4588 catur
2266 4536 2505 4602 Bathan5'
2540 4541 2661 4590 Sim.
2688 4541 2926 4591 Dunelm·
