3457 5887
954 855 1226 904 rnonsss
1271 855 1802 904 msa-omanem.
2217 837 2304 903 23

437 1015 679 1072 contra
721 1009 1139 1076 Clementem
1191 1032 1375 1095 papa
1432 1011 1741 1088 efficitur,
1792 1012 1910 1077 sed
1967 1013 2105 1077 cito
2145 1018 2304 1095 post
2326 1023 2435 1066 m>-
2455 1023 2564 1065 ¹⁰⁸⁴·

439 1109 724 1172 moritur
749 1112 985 1175 morbo
1017 1112 1443 1194 dysenterico
1476 1112 1871 1176 dissolutus.

536 1206 794 1271 Eodem
826 1228 1006 1273 anno
1032 1231 1156 1274 rex
1178 1211 1558 1292 Anglorum
1580 1211 1992 1284 willelmus,
2019 1206 2089 1270 in
2119 1206 2301 1271 Pen-

443 1312 772 1383 tecosten,
813 1308 993 1389 apud
1025 1308 1733 1385 Westmonasterium,
1768 1308 2140 1372 Henricum
2175 1305 2306 1369 fili-

439 1422 553 1466 um
582 1424 777 1468 suum
795 1405 1135 1489 juniorem
1163 1408 1435 1489 cingulo
1458 1408 1736 1472 militari
1761 1406 2061 1471 donavit.
2163 1404 2307 1468 De-

439 1502 595 1566 inde
622 1506 803 1586 cepit
832 1505 1151 1587 bomagia
1174 1507 1520 1570 hominum
1548 1507 1760 1572 totius
1787 1504 2061 1587 Angliae
2095 1510 2165 1567 et
2183 1504 2301 1585 ju-

438 1610 814 1666 ramentum
846 1604 1217 1682 fidelitatis,
1247 1606 1710 1689 cujuscunque
1738 1611 1967 1669 essent
1990 1602 2174 1666 feudi
2195 1601 2305 1665 vel

439 1703 827 1779 tenementi‚
867 1712 960 1780 et,
995 1706 1289 1769 extortis
1322 1724 1587 1786 magnae
1624 1704 1929 1786 pecuniae
1966 1701 2178 1783 copiis
2221 1701 2306 1765 de

440 1799 951 1884 quibuscunque
997 1803 1297 1884 aliquam
1347 1811 1619 1885 poterat
1673 1802 1978 1867 invenire
2028 1819 2308 1865 causam

432 1897 621 1980 juste
653 1900 800 1964 sive
828 1901 1104 1983 injuste,
1138 1903 1210 1965 in
1247 1901 1744 1967 Normanniam
1769 1898 2264 1965 transfretavit.

721 2070 819 2134 De
846 2071 1164 2153 afflictione
1190 2072 1413 2135 misera
1431 2072 1623 2157 yemis
1649 2070 2010 2157 Anqlorum.

546 2191 752 2257 Anno
793 2194 1075 2258 Domini
1119 2212 1461 2258 mnxxxv.
1496 2215 1652 2259 cum
1688 2195 1836 2278 jam
1878 2193 2157 2258 Domini
2189 2213 2309 2257 vo-
2330 2213 2573 2302 mugga.

446 2291 782 2355 luntatem
853 2313 1058 2376 super
1126 2292 1505 2375 Anglorum
1575 2300 1848 2375 gentem
1929 2292 2308 2356 Normanni
2328 2266 2539 2363 ῗιῗῖω.

446 2390 991 2472 complevissent,
1049 2411 1173 2455 nec
1224 2392 1347 2455 vix
1398 2392 1643 2474 aliquis
1693 2393 2008 2473 princeps
2057 2391 2141 2454 de
2192 2410 2310 2471 ge-

445 2507 607 2552 nere
647 2488 1025 2571 Anglorum
1079 2498 1466 2572 superesset
1525 2490 1595 2553 in
1658 2509 1896 2571 regno,
1947 2508 2313 2570 omnesque

438 2586 508 2649 in
539 2607 895 2652 moerorem
929 2596 999 2654 et
1036 2590 1434 2653 servitutem
1476 2589 1737 2652 redacti
1771 2588 2079 2664 fuissent,
2108 2589 2207 2651 ita
2237 2594 2314 2652 ut

440 2685 808 2767 Anglicum
858 2689 1089 2752 vocari
1136 2688 1313 2752 soret
1363 2688 1750 2769 opprobrio,
1801 2687 2312 2769 pullulaverunt

439 2784 514 2848 in
551 2784 807 2866 Anglia
844 2787 1099 2850 telonia
1135 2787 1370 2868 iniqua
1411 2796 1481 2850 et
1522 2786 2046 2851 consuetudines
2087 2786 2305 2866 pessi-

444 2901 600 2959 mae,
645 2891 716 2947 et
756 2893 1013 2965 quanto
1065 2885 1284 2966 magis
1331 2885 1670 2967 principes
1714 2885 2169 2967 loquebantur
2222 2883 2306 2947 de

446 2990 636 3045 recto
672 2989 743 3045 et
776 2983 1074 3065 justitia,
1118 2991 1314 3047 tanto
1356 2983 1574 3066 major
1606 2981 1816 3048 fiebat
1855 2983 2149 3066 injuria3
2194 2984 2312 3064 qui

437 3080 808 3164 justiciarii
854 3084 1297 3159 vocabantur,
1355 3082 1574 3146 omnis
1622 3073 1982 3164 injustitiae
2039 3079 2313 3144 suerunt

446 3187 815 3258 auctores;
874 3182 990 3262 qui
1048 3201 1320 3245 cervum
1383 3188 1657 3263 caperet
1722 3179 1834 3245 vel
1896 3178 2309 3261 capreolum,

443 3278 625 3343 oculi
685 3280 1096 3343 eruebantur
1155 3280 1241 3356 ei,
1294 3299 1419 3344 nec
1469 3280 1598 3343 fuit
1649 3280 1767 3361 qui
1820 3284 2305 3357 murmuraret;

443 3379 719 3441 amabat
767 3379 947 3442 enim
991 3379 1177 3441 ferus
1224 3397 1345 3442 rex
1394 3377 1597 3454 seras,
1643 3396 1725 3441 ac
1777 3379 1836 3441 si
1885 3385 2065 3442 esset
2111 3384 2308 3459 pater

446 3476 761 3539 serarum.
876 3476 1194 3541 Nefando
1250 3496 1526 3559 prorsus
1578 3495 1746 3540 usus
1807 3476 2112 3551 consilio,
2178 3475 2306 3538 hoc

446 3575 606 3655 egit,
645 3582 725 3638 ut
772 3576 888 3638 ubi
938 3584 1095 3640 ante
1126 3576 1239 3640 vel
1284 3577 1581 3640 humana
1623 3583 1773 3639 erat
1813 3575 1887 3636 in
1915 3575 2097 3638 villis
2146 3593 2308 3638 con-

444 3674 767 3750 versatio,
808 3673 920 3737 vel
969 3675 1272 3739 ecclesiis
1314 3675 1549 3738 divina
1589 3673 1896 3738 fervebat
1934 3673 2308 3748 veneratio,

447 3791 629 3835 nunc
657 3772 751 3835 ibi
794 3772 976 3836 cervi
1020 3780 1091 3837 et
1127 3793 1324 3838 omne
1357 3793 1574 3854 genus
1603 3773 1896 3836 ferarum
1924 3771 2308 3854 petulanter

448 3870 881 3949 discurrunt;
929 3871 1107 3934 unde
1159 3872 1519 3954 proverbio
1569 3871 1921 3946 asseritur,
1965 3869 2145 3952 quod
2188 3889 2310 3951 per

449 3969 735 4050 triginta
764 3977 834 4032 et
865 3989 947 4034 eo
985 3971 1276 4052 amplius
1318 3970 1636 4034 milliaria
1660 3979 1845 4034 terra
1876 3969 2202 4051 frugifera
2240 3968 2312 4030 in

451 4068 671 4131 saltus
716 4068 809 4130 sit
841 4068 1117 4133 redacta
1159 4077 1230 4132 et
1261 4070 1480 4133 lustra
1514 4069 1832 4132 serarum.
1931 4067 2042 4132 Ad
2087 4075 2315 4131 castra

451 4185 723 4249 quoque
771 4167 1221 4231 construenda
1272 4188 1400 4231 rex
1452 4177 1915 4231 antecessores
1962 4185 2124 4229 suos
2171 4185 2314 4228 om-

449 4284 572 4327 nes
601 4267 991 4346 superabat.
1086 4266 1515 4331 Normannia
1545 4267 1676 4329 sibi
1708 4264 2135 4329 haereditario
2154 4264 2313 4347 jure

451 4373 881 4445 provenerat,
905 4364 1437 4429 cenomanniam
1459 4366 1664 4428 armis
1687 4364 2129 4447 adquisierat,
2159 4363 2315 4426 Bri-

455 4464 758 4527 tanniam
805 4462 1325 4528 Armoricanam
1373 4464 1696 4528 acclivem
1746 4464 1876 4527 sibi
1922 4461 2196 4538 fecerat,
2245 4461 2316 4523 in

456 4559 711 4642 Anglia
755 4563 940 4627 solus
980 4565 1335 4645 regnabat,
1365 4563 1666 4628 Scotiam
1700 4569 1772 4627 et
1803 4560 2129 4625 Walliam
2162 4559 2320 4622 sub-
