3457 5887
926 846 1197 895 nonus
1250 844 1780 895 ms'ronunma.
2146 827 2273 892 321

411 1003 613 1066 entiae
655 1002 1005 1086 praecepit,
1040 1010 1141 1080 ut,
1172 1002 1491 1086 quicquid
1534 1021 1622 1065 ex
1663 1001 1762 1065 eis
1800 1002 2272 1083 suscepissem,
2299 1015 2405 1105 ffug-
2429 1016 2539 1056 1166-

410 1102 540 1165 sibi
602 1103 878 1185 suisque
936 1103 1198 1166 clericis
1257 1102 1612 1166 restituere
1670 1119 1809 1163 non
1866 1101 2268 1166 omitterem.
2295 1076 2550 1206 33¹3}th

416 1200 603 1265 Hinc
652 1209 758 1265 est
817 1200 995 1284 quod
1052 1208 1298 1265 vestrae
1355 1199 1760 1263 sublimitati
1801 1200 2137 1283 supplico,
2194 1208 2271 1275 ut

412 1301 790 1365 custodiam
844 1300 1280 1364 ecclesiarum
1337 1299 1815 1380 praedictarum
1876 1298 2019 1375 alii,
2066 1308 2270 1380 prout

409 1399 728 1482 expedire
782 1398 1110 1475 videritiS,
1171 1397 1664 1477 committatis;
1735 1397 2023 1479 pecunia
2076 1417 2265 1475 vero,

413 1516 616 1579 quam
660 1498 818 1562 inde
860 1499 1105 1579 recepi,
1155 1498 1241 1562 ad
1289 1515 1622 1560 summam
1665 1503 1939 1559 centum
1992 1501 2062 1560 et
2110 1503 2266 1560 octo

408 1596 730 1661 librarum
828 1605 899 1661 et
977 1595 1487 1679 quatuordecim
1561 1595 1931 1660 solidorum
2007 1614 2267 1677 sexque

407 1695 832 1761 denariorum
880 1715 955 1759 se
1008 1694 1339 1771 extendit,
1389 1713 1596 1777 quam
1637 1702 1799 1776 peto
1846 1694 2051 1758 liceat
2102 1694 2264 1758 mihi

405 1814 613 1877 penes
638 1796 934 1878 aliquem
965 1796 1091 1858 sub
1122 1800 1276 1858 tuto
1312 1812 1660 1875 reponere,
1690 1792 1906 1856 donec
1933 1792 2267 1857 Dominus

393 1892 812 1977 judicaverit
845 1893 931 1957 ad
970 1912 1169 1976 quem
1196 1912 1306 1957 res
1348 1893 1485 1956 ista
1526 1892 1786 1956 exitum
1829 1891 2075 1956 debeat
2115 1912 2268 1976 per-

402 1991 678 2057 venire!

440 2160 668 2227 Litora
695 2162 1047 2228 Alexandri
1064 2185 1253 2250 papae
1276 2165 1365 2229 ad
1403 2162 1707 2243 Momm,
1744 2163 2238 2230 Cantuaffmom

1061 2263 1596 2351 archispiscopwm.

547 2385 753 2452 Anno
843 2388 1119 2452 Domini
1213 2405 1542 2453 mcnxvn.
1618 2387 2016 2453 Alexander
2086 2407 2268 2473 papa
2291 2406 2534 2449 mum.

404 2484 709 2564 Thomae,
763 2485 1241 2552 Cantuariensi
1290 2488 1823 2570 archiepiscopo,
1865 2488 2140 2570 scripsit
2195 2489 2267 2552 in
2289 2457 2532 2547 &31⁶¹

401 2584 546 2649 haec
590 2586 838 2666 verba3
896 2580 951 2621 ¹‘
974 2586 1560 2652 Praedecessorum
1610 2594 1993 2651 nostrorum
2046 2586 2263 2652 felicis
2288 2557 2517 2598 ‘amm'

403 2685 743 2749 memoriae
773 2684 1130 2750 Paschalis
1167 2694 1239 2751 et
1265 2686 1559 2769 Eugenii
1589 2684 2053 2750 Romanorum
2096 2706 2265 2768 pon-

402 2783 660 2847 tificum
687 2784 997 2866 vestigiis
1039 2784 1473 2862 inhaerenteS,
1518 2792 1658 2849 tam
1702 2785 1827 2848 tibi
1869 2804 2075 2867 quam
2120 2786 2257 2849 tuis

399 2881 723 2965 legitimis
797 2885 1298 2950 successoribus
1374 2882 1896 2950 Cantuariensis'
1955 2882 2260 2949 ecclesiae

403 2983 765 3063 primatum
823 2984 925 3048 ita
978 2984 1175 3067 plene
1232 2985 1688 3061 concedimus,
1741 2984 1918 3048 sicut
1978 3003 2023 3047 a
2078 2982 2261 3048 Lan-

401 3079 638 3146 sranco
692 3089 762 3146 et
811 3081 1139 3150 Anselmo
1193 3083 1480 3166 aliisque
1527 3084 1830 3166 ipsorum
1885 3082 2260 3165 praedeces-

402 3181 671 3244 soribus
702 3189 969 3247 constat
1001 3183 1208 3247 fuisse
1232 3202 1643 3265 possessum.
1755 3181 2099 3265 Quicquid
2131 3184 2256 3247 eti-

403 3297 514 3342 am
558 3279 908 3362 dignitatis
936 3282 1080 3348 sive
1122 3282 1484 3365 potestatis
1515 3282 1728 3346 eidem
1773 3288 2033 3345 sanctae
2077 3281 2257 3346 Can-

406 3378 731 3443 tuariensi
771 3381 1075 3445 ecclesiae
1117 3381 1458 3464 pertinere
1495 3381 1919 3463 dignoscitur
1955 3399 2256 3462 praesen-

399 3476 490 3540 tis
533 3478 771 3560 scripti
812 3480 1068 3562 pagina
1102 3480 1602 3558 confirmamus,
1644 3478 1822 3544 sicut
1858 3498 1901 3543 a
1937 3480 2255 3562 tempori-

395 3577 526 3643 bus
556 3577 740 3641 beati
767 3576 1140 3660 Augustini
1172 3580 1702 3661 praedecessores
1743 3586 1901 3643 tuos
1938 3577 2254 3643 habuisse

393 3676 791 3757 apostolicae
851 3678 1034 3742 sedis
1107 3679 1515 3744 auctoritate
1572 3673 1887 3743 constat.’
1996 3677 2251 3742 Eodem

392 3792 577 3838 anno
672 3775 1040 3855 Robertus,
1124 3777 1618 3843 Lincolniensis
1694 3777 2076 3859 episcopus,
2146 3778 2252 3841 vir

397 3893 667 3956 magnae
716 3874 1144 3954 humilitatis,
1188 3878 1511 3959 migravit
1551 3876 1640 3940 ad
1686 3876 2054 3940 Dominum
2098 3895 2251 3958 sep·

394 3974 563 4037 timo
608 3973 938 4040 kalendas
989 3976 1343 4040 Februarii
1389 3975 1665 4040 mensis.
1767 3974 2038 4039 Eodem*
2072 3994 2253 4039 anno

394 4067 679 4150 Simon?
715 4074 904 4158 prior
944 4075 1246 4140 ecclesiae
1288 4075 1511 4139 sancti
1542 4074 1822 4151 Albani,
1865 4074 1974 4138 die
2013 4073 2252 4137 Domi-

393 4173 566 4235 nicae
619 4174 1031 4238 ascensionis
1083 4176 1153 4238 in
1212 4176 1527 4239 abbatem
1592 4173 1898 4256 ejusdem
1952 4173 2253 4237 ecclesiae

397 4270 656 4335 electus
705 4291 749 4335 a
786 4272 1160 4351 Gileberto,
1197 4273 1655 4337 Londoniensi
1702 4273 2046 4354 episcopo,
2090 4277 2251 4334 aute

395 4371 622 4453 majus
666 4370 882 4436 altare
924 4371 1108 4436 illius
1159 4372 1448 4438 coenobii
1495 4380 1603 4435 est
1657 4371 2051 4435 solemniter
2093 4388 2253 4432 con-

466 4541 945 4611 'Pu-caeam]
989 4547 1185 4612 Dicae,
1206 4550 1301 4599 col.
1420 4544 1677 4611 ’Simonq
1735 4547 1818 4596 He
1861 4545 1980 4594 died
2016 4544 2068 4592 in
2103 4547 2259 4604 1188?

386 4618 506 4665 546.
1352 4631 1435 4667 see
1458 4617 1536 4667 his
1557 4618 1644 4668 life
1665 4618 1732 4677 by
1757 4615 1924 4676 Parin,
1944 4630 1995 4675 p.
2017 4617 2099 4666 91.

487 4705 646 4754 vob.
694 4707 765 4753 11.
1919 4706 1966 4751 Y
