3457 5887
943 804 1217 854 FLORBS
1260 804 1791 853 msroruAnuu.
2212 785 2300 850 39

427 964 677 1022 caetero
710 978 786 1024 se
813 959 1077 1025 fidelem
1108 968 1178 1025 et
1206 961 1522 1037 amicum,
1555 959 1868 1043 praestito
1905 958 2297 1043 juramento
2321 973 2433 1015 M)-
2454 973 2564 1012 ¹⁰⁹⁰·

428 1057 909 1143 obsidibusque
941 1061 1145 1137 datis,
1183 1061 1482 1123 futurum
1514 1059 1961 1141 promisisset,
1990 1066 2297 1140 tempore

426 1164 812 1237 opportuno
864 1166 1296 1224 revertuntur
1344 1158 1432 1221 ad
1478 1158 1725 1234 socios,
1784 1176 1939 1238 quae
1992 1156 2296 1222 fecerant

427 1254 540 1318 vel
568 1276 723 1337 quae
753 1257 1095 1335 dixerant,
1124 1258 1293 1322 nulli
1323 1258 1596 1340 penitus
1628 1256 2021 1320 reserentes.

496 1427 594 1491 Do
620 1430 923 1502 monachis
947 1430 1126 1515 apud
1157 1428 1589 1513 Tynemutkam
1604 1427 1817 1512 primo
1843 1426 2226 1493 introductis.

527 1549 730 1616 Circa
800 1553 926 1618 hos
989 1553 1279 1635 denique
1327 1553 1473 1616 dies
1539 1551 1888 1615 Robertus
1952 1551 2038 1615 de
2101 1551 2284 1616 Mol·
2313 1564 2435 1605 Eudo
2435 1572 2594 1608 ment

422 1650 640 1726 braic,
676 1650 1283 1716 Northumbrensis
1331 1670 1581 1728 eomes,
1606 1650 1869 1726 volens,
1911 1649 2144 1714 divina
2184 1650 2286 1713 in·
2308 1615 2606 1757 ωοοίῗῖήοὲζ

419 1749 791 1830 spiratione
861 1758 1111 1828 tactus,
1177 1745 1562 1815 ¹ecclesiam
1626 1749 1810 1813 beati
1868 1748 2128 1812 Oswini
2202 1750 2286 1814 de
2309 1715 2605 1815 {loru-r?

422 1846 860 1930 Tynemutha
879 1850 1284 1933 jamdudum
1314 1848 1689 1913 desolatam
1723 1855 2133 1925 restaurare,
2177 1855 2284 1912 at-

420 1965 557 2028 que
589 1947 686 2010 ibi
720 1949 870 2013 Deo
918 1956 989 2013 et
1015 1956 1255 2013 sancto
1288 1948 1572 2032 martyri
1603 1947 1882 2011 Oswino
1914 1947 2283 2012 monachos

422 2047 801 2110 servituros
859 2067 1133 2129 ponere,
1204 2048 1486 2112 consilio
1543 2048 1912 2110 amicorum
1976 2064 2280 2124 suorum,

429 2141 725 2207 Paulum
773 2145 1074 2210 ecclesiae
1123 2147 1342 2210 sancti
1374 2144 1627 2208 Albani
1672 2145 1985 2209 abbatem
2032 2164 2280 2210 conve-

428 2242 556 2318 nit,
607 2251 846 2324 petens
896 2244 1215 2308 obnixius
1265 2251 1334 2307 et
1376 2244 1644 2320 devote,
1674 2251 1756 2306 ut
1799 2243 1884 2305 de
1935 2243 2283 2307 monachis

425 2341 570 2404 suis
633 2342 898 2425 aliquos
948 2343 1111 2406 illuc
1154 2342 1614 2406 transmittere
1659 2341 2081 2423 dignaretur,
2124 2361 2282 2424 pro-

420 2440 702 2504 mittens
736 2443 964 2504 omnia
994 2443 1209 2506 victui
1240 2449 1310 2505 et
1341 2440 1620 2506 vestitui
1652 2442 2036 2503 necessaria
2064 2459 2139 2502 se
2182 2442 2282 2505 eis

413 2539 846 2604 abundanter
914 2541 1254 2604 daturum.
1394 2539 1611 2623 Cujus
1686 2539 2002 2621 petitioni
2066 2538 2278 2605 abbas

414 2638 784 2719 praedictus
833 2640 1305 2722 adquiescens,
1350 2638 1682 2722 quosdam
1734 2638 1897 2701 illuc
1955 2656 1998 2700 a
2058 2639 2278 2703 sancti

415 2734 672 2800 Albani
715 2738 1064 2803 monachis
1108 2739 1502 2814 destinavit,
1538 2737 1788 2819 quibus
1836 2755 2058 2800 comes
2101 2756 2276 2819 prae-

414 2834 797 2913 fatus,cum
822 2838 894 2900 in
919 2839 1264 2914 maneriis,
1284 2837 1608 2912 ecclesiis,
1636 2834 2006 2900 redditibus
2033 2842 2104 2899 et
2136 2836 2275 2917 pis÷

419 2935 649 3013 cariis,
700 2955 852 2999 cum
885 2936 1287 3000 molendinis
1325 2943 1395 3000 et
1425 2936 1625 3000 rebus
1669 2935 1981 2998 omnibus
2029 2931 2276 2999 suffici-

417 3041 613 3097 enter
654 3034 1085 3116 providisset,
1123 3044 1194 3100 et
1242 3036 1448 3099 cartis
1490 3035 1633 3097 suis
1675 3033 2005 3116 praedicta
2050 3034 2279 3098 omnia

412 3133 506 3195 ab
533 3135 719 3196 omni
751 3134 1040 3197 seculari
1082 3135 1363 3198 servitio
1400 3134 1627 3197 soluta
1656 3140 1727 3196 et
1757 3133 2028 3214 penitus
2060 3132 2278 3197 libera

412 3231 905 3309 confirmasset,
948 3233 1134 3298 dedit
1173 3233 1503 3315 praedicto
1551 3232 1786 3295 abbati
1827 3230 2049 3295 Paulo
2090 3233 2274 3314 ejus-

412 3349 546 3411 que
594 3333 1119 3409 succaesoribus,
1151 3339 1223 3396 et
1271 3331 1573 3395 ecclesiae
1621 3330 1806 3394 beati
1832 3329 2086 3394 Albani
2118 3330 2267 3395 An-

411 3428 680 3510 glorum
728 3431 1270 3514 protomartyris,
1297 3430 1649 3494 eeclesiam
1695 3429 1782 3492 de
1809 3428 2266 3512 Tynemutha,

407 3546 560 3591 cum
587 3530 899 3593 omnibus
927 3530 1352 3611 pertinentiis
1384 3530 1550 3605 suis,
1578 3548 1701 3611 pro
1734 3528 1955 3592 salute
1989 3530 2270 3610 propria

408 3634 481 3690 et
508 3628 809 3691 omnium
850 3635 1357 3693 antecessorum
1406 3646 1681 3691 suorum
1733 3627 1879 3691 sive
1921 3646 2269 3691 successo·

406 3745 582 3802 rum,
616 3726 1008 3791 eternaliter
1049 3725 1563 3811 possidendam3
1607 3727 1709 3789 ita
1738 3726 2007 3807 quidem
2034 3733 2114 3789 ut
2144 3727 2265 3789 ab·

407 3825 602 3888 butes
658 3827 877 3889 sancti
937 3824 1213 3904 Albani,
1273 3827 1391 3908 qui
1448 3845 1574 3908 pro
1632 3832 1938 3906 tempore
1993 3825 2267 3902 fuerint,

407 3941 563 3986 cum
622 3925 906 3989 consilio
971 3925 1273 4007 ejusdem
1335 3924 1468 3989 loci
1528 3931 1929 4000 conventus,
1986 3923 2266 3987 liberam

406 4021 706 4087 habeant
749 4024 1259 4106 dispositionem
1301 4024 1603 4106 priorum
1645 4030 1716 4086 et
1759 4021 2266 4099 monachorum,

404 4127 546 4184 tam
574 4122 648 4185 in
679 4122 816 4186 illis
860 4124 1188 4205 ponendis
1217 4142 1422 4204 quam
1467 4121 1917 4198 removendis,
1951 4122 2128 4185 sicut
2163 4122 2265 4184 vi-

399 4219 625 4284 derint
650 4221 997 4303 expedire.

470 4452 485 4482 ¹
508 4455 773 4505 Ecclesiam
800 4454 929 4504 beati
961 4455 1191 4520 omini]
1236 4455 1484 4518 Compare
1516 4454 1601 4506 tbe
1633 4455 1722 4505 lise
1757 4454 1816 4504 of
1847 4454 1999 4505 abbot
2033 4452 2170 4503 Paul
2202 4452 2269 4512 by

404 4524 650 4574 Mattbew
673 4525 844 4588 Paris,
863 4540 916 4587 p.
940 4530 1021 4576 61.
