3457 5887
931 1003 1039 1044 ΔΗΒ
1060 1005 1169 1044 1096.

933 1053 1026 1092 Life
1043 1054 1091 1092 or

929 1104 1135 1143 wulstan-

945 3963 1117 4003 councll
1132 3963 1181 4004 ot

948 4014 1173 4054 clermont.

1241 817 1329 883 56
1739 833 1999 882 noema
2054 835 2147 882 nn
2194 832 2593 881 wrm-:novun

1248 989 1380 1053 Dei
1412 988 1770 1053 wlstanus
1810 1006 1943 1053 non
1990 988 2209 1053 solnm
2249 988 2712 1070 possessiones
2756 984 3115 1048 revocavit

1246 1089 1523 1171 petitaS,
1565 1087 1685 1150 sed
1728 1095 1798 1151 et
1830 1088 2186 1151 ecclesiam
2230 1106 2445 1163 suam,
2474 1106 2632 1168 rege
2668 1082 3118 1158 concedente,

1248 1206 1332 1250 ea
1372 1186 1686 1249 libertate
1732 1186 2013 1250 liberam
2060 1187 2384 1267 suscepit,
2423 1204 2560 1268 qua
2601 1182 3004 1247 fundatores
3036 1180 3120 1243 il-

1247 1284 1381 1348 lius
1413 1305 1537 1349 rex
1567 1283 1891 1349 Alfredus
1930 1293 1999 1348 et
2026 1284 2207 1348 filius
2238 1282 2845 1369 ejusEadwardus
2889 1281 3116 1362 ipsam

1246 1384 1529 1447 liberam
1544 1383 1844 1448 fecerant
1873 1392 1941 1448 et
1958 1403 2385 1448 successores
2406 1401 2662 1446 eorum.
2707 1379 2909 1443 Tunc
2926 1378 3117 1442 Tho-

1250 1502 1397 1547 mas
1425 1482 1995 1565 archiepiscopus,
2030 1484 2230 1547 beato
2255 1483 2575 1547 Wlstano
2608 1480 2925 1544 omnibus
2953 1497 3117 1560 pos-

1253 1582 1668 1649 sessionibus
1717 1589 1788 1647 et
1828 1581 2254 1646 libertatibus
2296 1581 2656 1656 restitutis,
2706 1580 2931 1642 virum
2980 1576 3118 1640 Dei

1254 1680 1753 1744 sanctissimum
1786 1680 2018 1744 multis
2051 1681 2360 1762 precibus
2400 1679 2837 1752 sollicitabat,
2869 1683 2950 1739 ut
2978 1694 3117 1739 non

1254 1779 1475 1843 solum
1504 1798 1696 1842 suam
1736 1777 2088 1843 ecclesiam
2136 1778 2417 1861 pacifice
2449 1778 2849 1860 possideret,
2881 1775 3005 1838 sed
3049 1782 3120 1837 et

1256 1876 1645 1960 parochiam
1711 1877 2205 1941 Eboracensem
2268 1878 2546 1941 visitare
2604 1884 2674 1939 et
2732 1894 2898 1937 suos
2954 1875 3115 1936 sub·

1248 1976 1473 2059 jectos
1535 1974 1870 2056 religiosis
1934 1974 2295 2039 informare
2345 1975 2642 2039 moribus
2693 1974 3116 2055 dignaretur.

1259 2073 1462 2138 Vixit
1494 2083 1722 2138 autem
1770 2081 2012 2156 postea
2054 2075 2485 2145 beatissimus
2540 2074 2829 2137 antistes
2856 2071 3117 2135 Wlsta-

1259 2192 1410 2250 nus,
1444 2174 1623 2237 omni
1657 2192 1903 2253 genere
1936 2173 2266 2236 virtutum
2307 2173 2570 2255 plenus,
2600 2190 2819 2254 usque
2861 2170 2952 2233 ad
2996 2190 3118 2232 an·

1260 2291 1421 2335 num
1463 2279 1891 2355 praesentem,
1919 2271 1988 2334 id
2022 2279 2150 2348 est,
2183 2271 2430 2337 divinae
2458 2270 2949 2334 incarnationis
2974 2268 3121 2331 mil·

1261 2371 1570 2434 lesimum
1617 2370 2128 2451 nonagesimum
2170 2372 2505 2452 quintum,
2549 2389 2686 2451 quo
2734 2370 3000 2451 utique,
3044 2376 3121 2431 ut

1262 2470 1658 2551 praedictum
1686 2477 1816 2545 est,
1843 2487 2048 2546 anno,
2065 2469 2324 2533 decimo
2351 2477 2594 2550 quarto
2626 2467 2959 2533 kalendas
2993 2466 3118 2530 Fe·

1268 2568 1547 2645 bruarii,
1599 2587 1687 2632 ex
1718 2568 1847 2631 hac
1872 2567 2017 2632 vita
2061 2569 2398 2632 transiens
2448 2588 2574 2650 pro
2621 2568 2824 2630 rebus
2870 2565 3120 2629 transi-

1265 2666 1458 2730 toriis
1503 2666 1944 2730 commutavit
1969 2673 2298 2745 aeternas3
2343 2667 2539 2750 cujus
2575 2667 2904 2730 transitus
2956 2663 3122 2729 hora

1266 2762 1571 2829 Roberto
1621 2765 2108 2829 Herefordensi
2151 2767 2494 2850 episcopo,
2547 2766 2616 2828 in
2658 2764 2910 2847 oppido
2942 2762 3121 2846 quod

1266 2861 1582 2928 Crickela
1613 2863 1884 2940 dicitur,
1913 2866 1983 2927 in
2006 2862 2264 2927 visione
2297 2865 2638 2947 apparuit,
2670 2871 2740 2927 et
2771 2863 2895 2939 illi,
2926 2870 3009 2926 ut
3035 2861 3116 2925 ad

1265 2981 1340 3025 se
1363 2964 1832 3027 tumulandum
1849 2964 2278 3046 Wigorniam
2300 2972 2717 3047 properaret,
2744 2963 3119 3027 mandavit.

1265 3060 1613 3126 Annulum
1649 3082 1942 3145 quoque,
1976 3082 2128 3126 cum
2160 3082 2295 3145 quo
2322 3063 2773 3145 pontificalem
2800 3081 3120 3144 suscepe-

1266 3168 1374 3223 rat
1411 3163 2010 3238 consecrationem,
2044 3162 2377 3225 neminem
2422 3180 2465 3224 a
2501 3161 2720 3243 digito
2762 3161 3120 3225 extrahere

1265 3260 1597 3340 permisit,
1622 3279 1706 3322 ne
1740 3267 1896 3342 post
1922 3268 2203 3324 mortem
2250 3280 2442 3324 suam
2473 3279 2636 3324 suos
2669 3260 2903 3324 fallere
2934 3260 3121 3323 vide-

1266 3364 1476 3432 retur,
1528 3357 1776 3440 quibus
1835 3358 2245 3438 praedixerat
2298 3359 2693 3441 saepissime,
2745 3359 2938 3423 illum
3001 3377 3121 3421 nec

1265 3454 1409 3518 vita
1456 3456 1701 3518 comite
1743 3474 1819 3518 se
1865 3456 2142 3538 perdere
2170 3457 2369 3533 velle,
2402 3477 2525 3521 nec
2575 3459 2782 3522 etiam
2824 3458 2935 3521 die
2978 3477 3120 3521 snae

1262 3553 1654 3635 sepulturae.

1402 3725 1641 3811 Incipit
1672 3728 1990 3792 concilium
2032 3727 2274 3793 Urbani
2284 3751 2472 3815 papa
2502 3729 2575 3795 de
2600 3730 2967 3815 expeditione

1994 3828 2395 3893 Antiochena.

1363 3948 1618 4013 Eodem
1665 3971 1868 4026 anno,
1922 3952 1991 4015 id
2040 3960 2168 4030 est,
2208 3953 2584 4017 Dominicae
2635 3953 3122 4017 incarnationis

1265 4063 1519 4126 mxcv„
1580 4048 1890 4114 dominus
1947 4069 2127 4133 papa
2179 4051 2501 4116 Urbanus
2545 4046 2763 4135 ¹apud
2810 4052 3122 4116 Clarum·

1264 4154 1560 4210 montem
1579 4148 1927 4213 civitatem
1942 4149 2299 4215 Arverniae
2317 4151 2675 4215 concilium
2692 4158 2956 4229 tenens,
2976 4151 3125 4216 haec

1332 4386 1514 4450 ¹Apnd
1560 4390 2018 4453 Clarum-montem]
2063 4389 2169 4440 The
2218 4390 2368 4441 taken
2410 4392 2534 4442 from
2574 4392 2906 4454 Malmsbury‚
2950 4392 2975 4458 §
3012 4397 3123 4443 845.

1259 4457 1455 4506 council
1470 4457 1528 4506 of
1537 4457 1804 4520 clermont,
1815 4460 1866 4507 in
1879 4461 2166 4521 Auvergne,
2214 4461 2320 4510 The
2340 4466 2447 4511 acts
2468 4462 2525 4510 of
2540 4461 2623 4510 the
2645 4464 2841 4512 council
2863 4478 2949 4512 are
2969 4465 3124 4525 print-

1259 4538 1366 4574 was
1420 4526 1536 4576 held
1589 4528 1641 4575 in
1696 4528 1979 4577 November
2024 4533 2162 4579 1095.
2215 4532 2277 4578 ed
2311 4531 2362 4579 in
2396 4531 2632 4580 Harduin
2653 4533 2753 4580 and
2784 4532 2925 4582 other
2946 4533 3124 4582 collec-

1256 4593 1362 4644 The
1404 4596 1658 4659 following
1699 4603 1911 4646 account
1952 4597 2010 4647 of
2046 4600 2087 4648 it
2118 4600 2162 4648 is
2212 4601 2356 4663 tions,
2380 4601 2446 4650 ad
2468 4615 2549 4652 an.
2574 4605 2718 4650 109⁵.
