3457 5887
884 979 992 1020 ΔΑ).
1015 978 1124 1019 1164.

1194 794 1325 859 312
1692 811 1956 859 nocam
2003 811 2097 858 nn
2141 811 2549 859 wmmovnn

1194 966 1615 1053 judicarunt,
1676 967 2054 1050 praesertim
2112 986 2265 1031 cum
2317 968 2508 1032 nulla
2557 966 2830 1031 mobilia
2886 987 3066 1049 prae-

1132 1140 1136 1144 ,
1205 1074 1515 1149 terquam
1549 1068 1634 1131 de
1678 1067 1878 1131 bonis
1905 1067 2210 1131 ecclesiae
2251 1075 2389 1131 tuae
2422 1067 2764 1143 habueris,
2800 1067 3068 1130 irritam

875 3246 984 3285 A-D.
1006 3247 1117 3286 1186.

873 3295 1079 3344 Marriasse
1095 3297 1143 3336 of

871 3345 1145 3436 mam·

1202 1168 1474 1249 penitus
1518 1185 1668 1230 esse
1713 1186 2066 1230 censemus
2123 1174 2192 1231 et
2238 1186 2390 1230 eam
2440 1167 2852 1230 auctoritate
2907 1185 3070 1248 apo-

1201 1265 1448 1330 stolica
1492 1285 1842 1329 cassamus
1875 1286 1892 1344 ;
1937 1272 2340 1343 statuenteS‚
2394 1273 2475 1329 ut
2515 1265 2744 1329 nullas
2799 1265 2870 1327 in
2916 1285 3070 1346 pos-

1202 1371 1422 1428 terum
1464 1365 1644 1429 vires
1684 1365 2015 1442 obtineat,
2059 1365 2170 1428 vel
2219 1366 2344 1429 tibi
2392 1372 2515 1429 aut
2559 1366 3069 1428 successoribus

1203 1464 1364 1541 tuis,
1409 1483 1531 1527 seu
1588 1463 1894 1528 ecclesiae
1949 1471 2087 1528 tuae
2137 1465 2613 1546 gubernationi
2664 1464 3067 1539 commissae,

1202 1562 1476 1645 aliquod
1525 1562 1598 1625 in
1652 1571 2001 1646 posterum
2057 1564 2285 1627 valeat
2337 1564 2815 1647 praejudicium
2866 1583 3064 1644 gene-

1203 1681 1377 1726 rare.
1470 1661 1812 1743 Caeterum
1863 1662 1923 1725 si
1969 1662 2088 1739 hii,
2139 1664 2258 1745 qui
2299 1664 2371 1726 in
2421 1663 2969 1746 possessionibus
2995 1669 3066 1726 et

1198 1762 1396 1824 bonis
1445 1761 1749 1825 ecclesiae
1799 1768 1939 1825 tuae
1983 1762 2112 1825 tibi
2151 1770 2271 1825 aut
2323 1762 2463 1825 tuis
2513 1763 2625 1826 vel
2671 1762 3063 1827 violentiam

1199 1860 1311 1923 vel
1348 1860 1670 1944 injuriam
1717 1860 2120 1935 intulerunt,
2170 1861 2471 1942 legitime
2509 1862 2894 1925 commoniti
2937 1881 3054 1925 vo-

1199 1959 1305 2021 bis
1347 1959 1581 2023 ablata
1618 1960 1979 2024 restituere
2011 1967 2082 2023 et
2118 1960 2659 2025 satisfactionem
2696 1979 3056 2042 congruam

1198 2057 1519 2122 exhibere
1577 2058 1944 2136 noluerint,
2001 2065 2077 2122 tu
2145 2059 2215 2122 in
2282 2079 2424 2137 eos,
2484 2061 2546 2124 si
2603 2067 3060 2143 opportunum

1200 2175 1349 2220 esse
1377 2155 1652 2235 videris,
1694 2157 2223 2223 ecclesiasticam
2246 2159 2591 2242 justitiam
2623 2179 2764 2223 non
2799 2160 3065 2223 differas

1199 2276 1539 2332 exercere,
1585 2263 1655 2320 et
1693 2277 1820 2321 nos
1864 2258 2025 2340 quid
2072 2258 2231 2322 inde
2276 2259 2778 2323 rationabiliter
2827 2259 3064 2323 feceris

1197 2364 1419 2419 ratum
1461 2356 1859 2420 habebimus
1904 2365 2113 2440 atque
2156 2358 2464 2436 firmum;
2513 2378 2747 2423 verum
2787 2358 2878 2422 de
2917 2378 3068 2440 per·

1194 2473 1367 2519 sona
1429 2456 1607 2536 regis
1652 2455 1948 2539 speciale
1993 2456 2117 2519 tibi
2164 2456 2555 2520 mandatum
2602 2476 2742 2520 non
2787 2456 3064 2533 damus,

1195 2572 1321 2617 nec
1373 2560 1598 2617 tamen
1658 2554 1733 2617 in
1790 2553 2020 2637 aliquo
2074 2556 2201 2619 tibi
2247 2556 2368 2638 jus
2418 2556 2816 2638 pontificale,
2866 2555 3060 2638 quod

1193 2652 1264 2714 in
1320 2654 1830 2716 consecratione
1884 2660 2004 2716 tua
2061 2655 2448 2736 suscepisti,
2499 2653 2872 2730 adimimus,
2928 2655 3054 2717 sed

1192 2751 1415 2832 ipsum
1448 2750 1737 2814 illaesum
1767 2750 2104 2815 voluimus
2136 2752 2584 2817 conservare?
2679 2754 2796 2829 Et,
2819 2753 2929 2816 his
2960 2755 3062 2817 ita

1192 2849 1432 2932 gestiS‚
1471 2848 1775 2913 Thomas
1821 2849 2371 2934 archiepiscopus
2413 2853 2502 2916 ad
2536 2852 3068 2918 Pontiniacense

1192 2948 1575 3015 coenobium
1606 2950 1958 3015 remeavit.

1240 3124 1416 3204 Quod
1439 3123 1762 3202 Matilda's,
1775 3124 1929 3206 filia
1961 3128 2144 3211 reqis,
2174 3127 2326 3191 duce
2356 3129 2646 3193 Saxoniae
2675 3130 3035 3193 maritatur.

1294 3247 1500 3313 Anno
1540 3248 1819 3313 Domini
1854 3265 2128 3314 McLXV.
2174 3244 2662 3332 ¹Reginaldus,
2699 3252 3056 3318 Colonien-

1194 3347 1291 3411 sis
1325 3347 1901 3430 archiepiscopus,
1932 3349 2050 3430 qui
2092 3349 2387 3415 schisma
2419 3352 2792 3417 Octaviani
2825 3362 3055 3417 contra

1195 3466 1446 3530 papam
1496 3448 1763 3512 foverat
1804 3445 2300 3527 Alexandrum,
2350 3452 2540 3516 venit
2598 3454 2781 3534 apud
2835 3453 3054 3517 Waet-

1191 3547 1678 3610 monasterium
1727 3546 1815 3609 ad
1848 3566 2076 3629 regem
2111 3547 2487 3614 Henricum
2526 3560 2937 3634 accepturus
2981 3553 3050 3615 in

1191 3646 1550 3727 conjugem
1587 3644 1973 3723 Matildem,
2017 3646 2228 3712 filiam
2271 3650 2451 3731 regis
2504 3651 3050 3734 primogenitam,

1191 3742 1500 3806 Henrico
1543 3743 1700 3806 duci
1744 3743 2104 3824 Saxoniae3
2149 3746 2260 3812 cui
2308 3768 2461 3812 cum
2502 3759 2867 3833 magnates
2909 3750 3053 3814 An-

1191 3841 1350 3924 gliae
1408 3842 1807 3906 solemniter
1864 3847 2340 3925 occurrissent,
2398 3848 2769 3927 RobertuS‚
2830 3869 3053 3914 comes

1192 3940 1646 4023 Legecestriae
1690 3948 1761 4005 et
1788 3942 2215 4026 justiciarius
2263 3948 2470 4028 regis,
2513 3949 2708 4012 illum
2751 3950 2823 4013 in
2859 3969 3052 4013 oscu-

1192 4040 1333 4103 lum
1384 4060 1521 4103 non
1565 4041 1844 4123 recepit,
1897 4047 2524 4110 excommunicatus
2577 4048 2758 4112 enim
2813 4057 2962 4113 erat
3009 4069 3052 4112 a

1190 4157 1373 4222 papa
1417 4147 1486 4203 et
1521 4159 1660 4204 non
1703 4141 2082 4219 absolutus,
2123 4145 2300 4208 unde
2345 4146 2614 4224 altaria,
2659 4167 2869 4230 super
2901 4167 3047 4230 quae

1187 4237 1302 4301 ille
1339 4238 1817 4304 schismaticus
1855 4241 2249 4321 celebravit,
2287 4247 2543 4327 passim
2577 4254 2742 4310 sunt
2775 4248 3045 4312 subver-

1184 4356 1285 4401 sa.
1392 4338 1652 4403 Eodem
1689 4358 1873 4403 anno
1905 4339 2188 4406 Alienor
2219 4344 2461 4426 regina
2490 4346 2637 4428 regi
2663 4343 3045 4427 Anglorum

1695 4547 1712 4580 ¹
1732 4551 2073 4615 Regimldus]
2097 4552 2295 4614 Diceto,
2308 4552 2404 4601 col.
2422 4557 2532 4603 539.
