3457 5887
1219 842 1353 909 218
1724 856 1990 906 nocam
2036 855 2130 904 nn
2175 854 2583 904 wssunovssn

903 1036 1147 1077 A.n.u³s.
1224 1024 1335 1083 rat
1387 1015 1795 1093 execrabile,
1851 1013 2034 1097 quod
2082 1013 2141 1078 si
2186 1013 2445 1078 visores
2490 1010 2777 1095 alicujus
2817 1009 3086 1086 silvam,

1226 1137 1427 1201 quem
1477 1136 1626 1181 esse
1680 1115 2126 1198 pecuniosum
2182 1114 2512 1189 sciebant,
2569 1129 2614 1174 a
2670 1110 2867 1191 longe
2918 1127 3083 1173 con-

1226 1217 1590 1299 spicerent,
1624 1215 1861 1279 statim
1889 1221 2163 1278 vastum
2204 1213 2277 1275 in
2320 1232 2404 1276 ea
2446 1211 2901 1293 perhiberent,
2942 1209 3091 1271 sive

1227 1323 1408 1380 esset
1466 1314 1614 1380 sive
1680 1333 1841 1388 non,
1897 1319 1976 1376 ut
2032 1331 2187 1376 enm
2250 1312 2398 1376 sine
2460 1311 2702 1374 merito
2766 1308 3092 1372 redimere

1226 1412 1655 1498 potuissent;
1709 1413 1948 1476 Tertio
1980 1411 2196 1488 vovit,
2237 1410 2419 1493 quod
2453 1407 2838 1491 Danegeld,
2881 1407 2952 1470 id
2988 1416 3091 1471 est

1228 1513 1313 1578 de
1350 1512 1655 1597 qualibet
1695 1511 1861 1576 hida
1902 1518 2102 1574 terrae
2145 1509 2317 1574 duos
2357 1509 2634 1587 solidos,
2677 1527 2855 1590 quos
2905 1514 3091 1570 ante·

1227 1631 1532 1678 cessores
1563 1612 1715 1696 ejus
1744 1611 2051 1692 accipere
2081 1615 2600 1685 consueverant,
2645 1609 2717 1671 in
2765 1615 3090 1671 aeternum

1231 1713 1430 1776 annis
1480 1712 1769 1794 sing-ulis
1818 1709 2258 1775 condonaret.
2361 1707 2542 1771 Haec
2592 1714 2826 1771 autem
2879 1707 3091 1787 speci-

1229 1811 1454 1888 aliter,
1510 1819 1581 1875 et
1625 1811 1765 1874 alia
1815 1808 2034 1873 multa
2083 1808 2513 1889 generaliter,
2552 1827 2629 1870 se
2666 1813 3089 1870 servaturum

1221 1910 1528 1994 juravit3
1573 1910 1694 1974 sed
1741 1908 1911 1973 nihil
1950 1908 2213 1985 horum,
2262 1925 2416 1990 quae
2468 1906 2622 1970 Deo
2670 1906 3088 1989 promiserat,

1230 2009 1639 2074 observavit.

1277 2177 1375 2241 De
1402 2176 1724 2242 concordia
1736 2176 1927 2261 sacta
1954 2177 2114 2242 inter
2143 2197 2336 2264 reqcm
2369 2175 2754 2262 Stephanum
2777 2185 2835 2241 et
2861 2198 3045 2262 royom

1990 2278 2322 2343 Scotorum.

910 2420 1209 2463 Ammo-vnn
1333 2392 1500 2463 Per¹
1543 2399 1726 2463 idem
1762 2407 2030 2482 tempus
2075 2399 2330 2476 David,
2379 2419 2503 2464 rex
2550 2400 2936 2479 Scotorum,
2983 2403 3093 2484 qni

912 2473 1119 2514 Μὰ
1231 2499 1645 2582 imperatrici
1686 2498 2082 2563 fidelitatem
2134 2498 2413 2576 fecerat,
2460 2501 2534 2563 in
2566 2498 2888 2581 Angliam
2942 2501 3095 2565 hos-

1233 2599 1447 2663 tiliter
1510 2598 1814 2676 veniens,
1862 2597 2250 2663 Garleolum
2301 2599 2374 2663 et
2426 2597 3091 2664 Novum-castellnm

1230 2717 1437 2780 super
1465 2697 1738 2780 Tynam
1766 2699 1947 2781 cepit
1979 2705 2051 2763 et
2089 2717 2250 2762 suos
2288 2699 2635 2781 imposuit.
2736 2698 3094 2764 Promovit

1230 2798 1445 2878 igitur
1471 2816 1597 2861 rex
1639 2797 2028 2880 Stephanus
2072 2805 2314 2861 contra
2359 2817 2514 2861 eum
2561 2799 2926 2862 exercitum
2975 2819 3093 2864 oo-

1232 2898 1525 2981 piosum,
1568 2904 1639 2963 et
1684 2898 1832 2980 regi
1884 2897 2243 2962 Scotorum
2296 2896 2480 2981 apud
2522 2897 2934 2962 Dunelmum
2982 2917 3094 2963 oc-

1234 3016 1513 3063 currens
1556 2989 2044 3061 ²concordatus
2093 3004 2200 3061 est
2240 3017 2395 3061 cum
2447 3016 2555 3075 eo,
2605 2997 2769 3081 quia
2812 2998 3097 3062 reddidit

1235 3098 1299 3161 ei
1358 3117 1484 3161 rex
1537 3096 1767 3161 David
1834 3095 2530 3173 Novum-castellnm,
2591 3106 2664 3162 et
2716 3096 3094 3162 Cat-leolum

1235 3197 1517 3261 retinuit
1574 3196 1755 3277 regis
1812 3195 2140 3278 Stephani
2190 3196 2567 3260 voluntate.
2663 3196 2824 3260 Rex
2877 3206 3095 3261 tamen

1236 3295 1593 3360 Scotorum
1653 3294 2046 3377 homagium
2112 3296 2258 3377 regi
2320 3295 2670 3377 Stephano
2729 3315 2870 3360 non
2922 3297 3094 3374 fecit,

1237 3395 1401 3476 quia
1457 3394 1853 3459 fidelitatem
1913 3393 2168 3459 fecerat
2224 3393 2385 3458 filiae
2443 3396 2627 3477 regis
2682 3393 2967 3460 Henrici
3029 3406 3094 3460 et

1238 3493 1424 3575 nepti
1467 3513 1611 3558 snae
1644 3514 1663 3573 3
1711 3493 1892 3557 filius
1931 3500 2161 3558 antem
2201 3494 2385 3576 regis
2414 3493 2644 3560 David
2682 3495 2887 3558 homo
2924 3496 3095 3578 regis

1236 3591 1566 3673 Stephani
1608 3592 1891 3657 effectus
1945 3599 2075 3671 est,
2114 3601 2185 3658 et
2235 3592 2423 3659 dedit
2471 3594 2535 3657 ei
2583 3613 2708 3658 rex
2744 3594 2907 3678 jure
2952 3615 3099 3678 per-

1236 3697 1447 3773 petuo
1481 3689 2023 3756 Huntendonam
2061 3692 2146 3756 de
2189 3712 2265 3757 se
2308 3693 2692 3757 tenendam.
2797 3693 3095 3759 Rediens

1237 3810 1400 3854 vero
1452 3809 1580 3853 rex
1626 3791 1713 3854 ad
1767 3793 2047 3874 propria
2088 3793 2311 3857 tenuit
2351 3793 2612 3857 curiam
2665 3812 2865 3857 suam
2922 3794 3098 3878 apud

1238 3889 1628 3954 Londonias
1655 3891 1731 3953 in
1762 3889 2193 3955 solemnitate
2222 3891 2568 3969 Paschali,
2596 3912 2733 3974 qua
2761 3912 3099 3976 nunquam

1234 3989 1307 4051 in
1364 3986 1624 4071 Anglia
1679 3988 1907 4054 fuerat
1967 3989 2408 4074 splendidior,
2471 3999 2613 4056 tam
2670 3993 2742 4056 in
2802 4012 2973 4058 auro
3034 4002 3103 4057 et

1305 4202 1323 4237 ¹
1340 4206 1442 4255 Per
1462 4206 1587 4255 idem
1608 4205 1833 4269 temam]
1866 4204 2148 4255 Wendover
2200 4212 2507 4256 mencement
2523 4207 2583 4257 of
2609 4208 2712 4257 this
2741 4208 2965 4271 chapter,
2982 4208 3106 4256 with

1236 4276 1430 4326 follows
1483 4276 1567 4325 the
1621 4277 1745 4326 Sax.
1806 4274 1992 4325 chron.
2046 4276 2146 4325 and
2198 4291 2231 4326 a
2251 4277 2413 4326 notice
2429 4276 2486 4326 ot*
2500 4276 3047 4340 thefuneralofflenry
3063 4279 3111 4327 1.

1238 4345 1568 4408 Huntingdon
1622 4344 1675 4393 in
1739 4344 1940 4406 placing
2007 4344 2145 4394 these
2200 4361 2258 4396 as
2281 4348 2427 4409 given
2447 4348 2515 4407 by
2540 4347 2707 4397 Paris.

1233 4421 1405 4464 events
1446 4416 1499 4464 in
1541 4415 1627 4464 the
1660 4415 1768 4462 first
1802 4428 1923 4475 year
1954 4413 2013 4462 of
2040 4416 2146 4465 Ste-

1235 4484 1410 4546 phen’s
1445 4484 1605 4546 reign,
1641 4484 1813 4532 unless
1846 4497 1921 4531 we
1955 4484 2146 4533 believe
2267 4481 2289 4515 ²
2307 4487 2630 4535 Concor-datu
2649 4488 2767 4551 est]
2815 4486 2896 4535 On
2917 4486 3001 4535 the
3023 4486 3111 4534 Sth

1235 4554 1345 4602 that
1370 4554 1454 4602 the
1489 4554 1650 4603 scribe
1686 4553 1779 4602 has
1813 4553 2144 4615 accidentally
2197 4553 2255 4603 of
2283 4555 2570 4617 February;
2616 4556 2703 4606 Jo.
2739 4556 3008 4620 Hagustal.
3043 4556 3110 4605 ad

1235 4623 1439 4673 omitted
1493 4623 1575 4672 the
1629 4637 1752 4684 year
1793 4627 1846 4671 at
1888 4622 1972 4671 the
2014 4639 2146 4673 com·
2197 4640 2280 4675 an.
2305 4628 2450 4675 11³6.
