3457 5887
884 857 1161 907 nonus
1204 857 1740 908 msa-ommium.
2117 844 2244 909 261

369 1033 493 1096 pro
527 1032 611 1078 eo
641 1013 825 1095 quod
871 1016 1068 1080 nobis
1106 1015 1371 1080 curiose
1414 1015 1847 1094 ministrasti,
1877 1013 1939 1078 si
1982 1018 2237 1081 reverti
2265 1033 2401 1132 aa
2398 1034 2565 1123 1‘11-'05¹¹¹

370 1113 667 1178 volueris
727 1114 817 1179 ad
862 1123 1133 1197 portam
1195 1134 1400 1197 quam
1459 1115 1757 1192 intrasti,
1803 1122 1871 1178 te
1914 1115 2321 1223 ducemusgu
2324 1138 2485 1224 35:¹¹3
2503 1135 2551 1174 or

367 1213 683 1291 illaesum,
730 1222 810 1278 ut
858 1213 1167 1296 gaudens
1210 1215 1282 1277 in
1329 1215 1583 1278 mundo
1635 1214 1830 1278 vivas
1892 1221 1962 1278 et
2014 1229 2235 1300 omne,

368 1311 553 1395 quod
581 1314 849 1396 corpori
876 1320 997 1378 tuo
1026 1332 1241 1378 suave
1273 1320 1403 1391 est,
1437 1314 1708 1396 penitus
1739 1333 1876 1378 non
1908 1316 2236 1380 amittas)

372 1411 551 1477 Haec
578 1412 731 1477 ideo
757 1412 1096 1478 daemones
1119 1413 1469 1491 dixerunt,
1491 1414 1653 1496 quia
1682 1421 1805 1477 aut
1824 1420 2083 1478 terrore
2111 1424 2233 1481 aut

369 1511 716 1577 blanditiis
758 1513 1069 1596 decipere
1117 1513 1519 1592 voluerunt3
1573 1513 1693 1577 sed
1737 1512 1933 1577 miles
1974 1513 2231 1579 Christi

363 1630 493 1675 nec
537 1620 794 1677 terrore
834 1614 1247 1690 concutitur,
1289 1632 1415 1676 nec
1456 1612 1921 1678 blandimento
1963 1614 2230 1679 seduci-

363 1719 503 1789 tur,
547 1711 708 1776 dum
761 1731 959 1796 oequo
1005 1715 1234 1776 animo
1275 1713 1377 1776 ita
1413 1732 1531 1776 eos
1573 1713 2009 1796 contempsit,
2045 1715 2229 1798 quod

365 1813 579 1876 tacite
625 1812 867 1876 sedens
914 1831 1040 1877 nec
1088 1831 1297 1876 unum
1342 1813 1624 1876 verbum
1676 1813 2049 1895 respondit.
2125 1813 2227 1879 At

362 1909 708 1976 daemones
739 1929 814 1975 se
846 1912 1188 1975 contemni
1214 1912 1650 1993 indignantes
1694 1931 1937 1994 rogum
1961 1913 2033 1976 in
2064 1914 2226 1979 aula

360 2010 664 2092 ingentis
717 2010 1010 2074 incendii
1044 2011 1561 2088 succenderunt,
1606 2018 1677 2074 et
1709 2031 1951 2074 manus
1988 2013 2224 2077 militis

359 2110 708 2192 pedesque
749 2109 1152 2191 colligantes
1190 2111 1263 2174 in
1303 2111 1532 2191 ignem
1577 2129 1728 2173 eum
1771 2109 2224 2194 projecerunt,

363 2209 561 2272 uncis
604 2206 841 2273 ferreis
882 2208 1017 2273 huc
1045 2209 1357 2324 ‘illucque
1400 2229 1523 2292 per
1562 2208 1950 2273 incendium
1998 2210 2225 2274 detra-

360 2306 642 2388 hentes3
689 2316 759 2372 et
791 2308 956 2372 ine
936 2328 1008 2372 m
1039 2310 1266 2392 ignem
1300 2309 1574 2386 missus,
1609 2328 1764 2373 cum
1796 2308 1986 2390 prius
2016 2329 2225 2424 grave

354 2413 767 2472 tormentum
810 2409 1161 2487 sensisset,
1204 2428 1450 2473 nomen
1499 2408 1546 2473 J
1552 2427 1673 2472 esu
1720 2408 1979 2473 Christi
2026 2409 2223 2474 invo-

353 2508 563 2585 cavit,
608 2507 933 2587 dicens,‘
965 2507 1012 2572 J
1017 2528 1137 2572 esu
1184 2507 1481 2586 Christe,
1526 2508 1845 2572 miserere
1885 2505 2067 2572 mei!
2107 2508 2221 2573 Ad

349 2605 481 2670 hoc
510 2627 783 2690 quoque
819 2627 1067 2672 nomen
1102 2608 1489 2672 incendium
1517 2608 1669 2689 rogi
1702 2608 1803 2672 ita
1839 2608 2219 2672 extinctum

350 2714 482 2783 est,
513 2714 592 2772 ut
621 2727 747 2772 nec
780 2708 992 2772 totius
1033 2709 1187 2789 rogi
1224 2706 1526 2772 scintilla
1567 2708 1772 2771 unica
1813 2716 2216 2789 appareret;

351 2806 540 2888 quod
589 2826 872 2872 cernens
922 2807 1116 2871 miles
1169 2808 1241 2871 in
1289 2808 1518 2872 animo
1564 2808 1946 2889 proposuit,
1976 2814 2056 2870 ut
2100 2827 2219 2872 eos

345 2904 438 2970 de
470 2913 721 2971 caetero
764 2926 900 2971 non
932 2906 1348 2985 formidaret,
1381 2925 1557 2991 quos
1603 2906 1927 2971 invocato
1963 2906 2223 2973 Christi

343 3006 615 3071 auxilio
648 3007 829 3071 vinci
853 3008 1236 3090 conspexit.

456 3179 553 3242 De
581 3180 835 3245 secundo
848 3180 1091 3266 poenali
1125 3180 1272 3258 loco,
1306 3182 1377 3245 in
1403 3203 1518 3267 quo
1542 3181 1715 3246 miles
1736 3179 2111 3245 trahebatur.

477 3303 973 3388 Relinquentes
1023 3325 1188 3370 vero
1249 3305 1475 3370 aulam
1537 3305 1882 3370 daemones
1937 3303 2222 3367 militem

337 3403 611 3468 diutius
653 3424 777 3486 per
829 3411 1097 3469 vastam
1153 3407 1499 3487 regionem
1546 3404 1893 3488 quandam
1946 3405 2223 3468 detrax-

339 3510 575 3581 erunt,
622 3504 820 3586 nigra
863 3512 1013 3568 erat
1054 3512 1239 3570 terra
1267 3513 1337 3570 et
1364 3505 1554 3587 regio
1581 3506 1982 3582 tenebrosa;
2031 3509 2219 3566 trax-

338 3610 552 3667 erunt
586 3622 741 3667 eum
785 3605 1126 3668 daemones
1170 3605 1333 3669 illuc
1376 3612 1561 3669 retro
1603 3603 1902 3681 tramite,
1932 3621 2071 3686 quo
2111 3602 2217 3665 sol

340 3703 572 3767 oritur
604 3703 678 3767 in
720 3710 1007 3783 aestate3
1060 3723 1197 3786 quo
1233 3710 1733 3781 convertenteS,
1766 3703 1979 3786 coepit
2021 3702 2216 3764 miles

339 3802 548 3886 quasi
579 3802 774 3886 vulgi
818 3803 1029 3867 totius
1072 3804 1255 3868 orbis
1303 3804 1586 3868 miseros
1625 3803 1926 3888 ejulatus
1955 3800 2213 3865 audire.

320 3902 656 3967 *Tandem
709 3922 754 3967 a
795 3903 1216 3968 daemonibus
1258 3911 1521 3967 tractus
1574 3903 1646 3967 in
1698 3921 2014 3985 campum
2059 3919 2215 3983 per-

334 4002 537 4066 venit
585 4003 867 4085 longum
912 4011 982 4068 et
1024 4003 1264 4079 latum,
1312 4002 1602 4067 miseriis
1650 4021 1734 4067 ac
1782 4002 2017 4066 dolore
2061 4019 2216 4082 per-

332 4102 650 4184 plenum,
701 4102 897 4186 cujus
957 4104 1312 4184 longitudo
1360 4122 1498 4166 non
1546 4103 1776 4184 potuit
1826 4098 2214 4184 pervideri3

332 4220 630 4284 campus
667 4201 784 4266 ille
826 4201 1213 4267 hominibus
1277 4203 1633 4285 utriusque
1673 4220 1885 4265 sexus
1938 4206 2009 4262 et
2046 4205 2216 4261 aeta-

332 4302 432 4364 tis
454 4300 744 4365 diversae
779 4302 980 4365 nudis
1015 4309 1085 4365 et
1114 4303 1185 4364 in
1219 4310 1402 4366 terra
1426 4301 1842 4384 jacentibus,
1865 4297 2217 4363 ventribus

332 4399 665 4464 deorsum
727 4402 966 4479 versis,
1026 4401 1270 4484 plenus
1331 4409 1505 4479 erat,
1572 4419 1861 4484 quorum
1930 4414 2219 4478 corpora

332 4499 551 4563 simul
591 4507 660 4565 et
698 4501 1023 4578 membra,
1059 4501 1273 4566 clavis
1319 4500 1554 4565 ferreis
1592 4507 1661 4564 et
1696 4497 1935 4582 ignitis
1978 4497 2049 4559 in
2082 4501 2219 4557 ter-

331 4617 493 4662 ram
531 4619 745 4683 usque
776 4600 1155 4679 transfixis,
1180 4600 1660 4665 miserabiliter
1688 4597 2218 4680 torquebantur3
