3457 5887
939 866 1214 916 FLORBS
1262 864 1797 915 msronuatm.
2177 850 2309 915 415

433 1023 787 1089 obedirent
833 1024 1134 1090 omnium
1204 1023 1512 1107 gentium
1574 1016 1923 1102 nationes,
1970 1024 2299 1109 adjiciens

431 1143 596 1206 ergo
663 1131 745 1188 ut
798 1125 1185 1189 universam
1235 1124 1365 1188 sibi
1420 1123 2009 1189 Christianitatem
2066 1126 2306 1210 subju·

435 1230 656 1305 garet,
713 1222 1013 1288 intrante
1056 1223 1103 1288 J
1108 1223 1248 1289 ulio
1302 1241 1558 1299 mense,
1619 1222 1666 1287 J
1671 1223 1997 1288 ordanem
2054 1226 2304 1290 transi-

435 1324 561 1400 vit,
598 1329 853 1387 terram
909 1322 1091 1387 circa
1141 1329 1442 1387 castrum
1490 1320 1738 1399 Crach,
1787 1324 1970 1405 quod
2017 1326 2305 1407 antiqua

437 1422 897 1505 appellatione
930 1427 953 1456 ‘
976 1421 1188 1487 Petra
1228 1421 1480 1486 deserti
1501 1421 1519 1449 ’
1559 1421 1938 1500 dicebatur,
1981 1422 2303 1489 devasta-

436 1523 561 1599 vit,
592 1522 850 1585 cibaria
880 1521 1179 1603 collegit.
1262 1520 1532 1584 Deinde
1561 1520 1930 1603 Neapolim
1962 1523 2301 1587 transiens

438 1620 673 1685 villam
734 1621 1059 1704 spoliavit
1124 1628 1195 1685 et
1253 1627 1498 1703 postea
1557 1621 2063 1700 concremavit3
2144 1622 2303 1687 inde

437 1720 875 1803 progrediens
930 1719 1017 1784 ad
1059 1721 1298 1784 urbem
1341 1719 1762 1784 Scbastaeam
1805 1722 2140 1802 pervenit,
2185 1722 2302 1785 ubi

435 1820 796 1903 episcopus
839 1819 1140 1884 civitatis
1167 1819 1402 1884 villam
1445 1826 1518 1883 et
1546 1818 1903 1883 ecclesiam
1945 1839 2141 1883 suam
2185 1840 2301 1885 oc-

438 1920 710 2001 toginta
751 1918 1045 2001 captivis
1087 1917 1412 1995 redemit;
1464 1916 1624 1981 inde
1654 1914 1984 1981 Arabiam
2021 1920 2302 1984 veniens

436 2037 588 2082 eam
617 2017 979 2094 destruxit,
1014 2016 1179 2080 viris
1205 2022 1279 2080 et
1304 2014 1699 2079 mulieribus
1733 2016 2123 2099 captivatis.
2189 2018 2304 2083 Ad

435 2134 759 2199 magnum
791 2115 948 2179 inde
978 2113 1310 2180 Gerinum
1346 2115 1686 2179 transiens
1732 2122 2032 2179 castrum
2076 2116 2304 2196 diruit,

442 2222 535 2292 et,
584 2214 993 2299 quibusdam
1043 2214 1434 2298 captivatis,
1483 2213 1800 2278 mulieres
1855 2221 1929 2278 et
1981 2216 2307 2298 parvulos

441 2314 820 2394 interfecit3
877 2314 1038 2378 inde
1090 2314 1180 2378 ad
1223 2332 1512 2397 parvum
1556 2312 1913 2391 Gerinum,
1956 2333 2113 2396 quae
2141 2316 2309 2380 villa

440 2421 546 2478 est
600 2414 858 2497 templi,
911 2433 1065 2477 eam
1112 2413 1437 2491 vastavit,
1486 2419 1559 2476 et
1612 2413 1935 2477 recedens
1981 2434 2106 2497 per
2154 2434 2307 2479 cas-

435 2520 619 2577 trum
660 2512 1000 2596 quoddam
1048 2512 1410 2596 hospitale,
1456 2512 1639 2595 quod
1694 2512 2084 2578 Belverium
2138 2514 2308 2579 dici-

439 2618 576 2688 tur,
622 2612 1027 2695 quibusdam
1071 2612 1297 2696 captis
1346 2620 1419 2677 et
1450 2612 1860 2695 quibusdam
1901 2613 2304 2693 intersectis,

437 2713 742 2778 recessit.

444 2884 619 2966 Quod
641 2907 750 2952 rom
763 2886 1110 2975 Astylon-um
1126 2885 1379 2973 oliqitur
1406 2885 1476 2950 in
1503 2906 1698 2973 reqem
1718 2884 2311 2970 Hierosolymorum.

541 3011 822 3077 Mortuo
848 3013 1112 3078 interea
1142 3010 1567 3088 Baldewino,
1601 3030 1765 3093 rege
1796 3009 2309 3095 Hierosolyma·

439 3130 592 3175 rum
633 3112 927 3195 leproso,
975 3111 1296 3194 regnavit
1334 3130 1462 3193 pro
1504 3130 1587 3174 eo
1631 3109 2096 3188 Baldewinus,
2139 3131 2312 3194 puer

442 3211 743 3294 quinque
791 3229 1146 3288 annorum,
1182 3229 1396 3294 nepos
1440 3210 1592 3294 ejus
1635 3229 1725 3273 ex
1771 3229 2005 3276 sorore
2047 3210 2312 3293 Sybilla

440 3317 513 3374 et
537 3310 908 3388 Willelmo,
938 3310 1325 3374 marchione
1355 3308 1949 3387 Montis-Ferrati,
1988 3310 2260 3392 genitus
2290 3332 2308 3390 ;

443 3409 562 3491 qui
598 3410 831 3474 statim
861 3410 933 3473 in
969 3429 1202 3492 regem
1238 3415 1603 3473 coronatus
1637 3406 2050 3485 Reimundo,
2078 3409 2312 3474 comiti

442 3507 896 3590 Tripolitano,
948 3508 1398 3573 committitur
1453 3507 1878 3573 nutriendus.
1978 3507 2311 3573 Videntes

444 3606 657 3688 igitur
701 3607 924 3672 clerus
973 3615 1046 3672 et
1088 3607 1384 3691 populus
1436 3626 1723 3690 reg-num
1768 3606 1840 3670 in
1895 3627 2049 3672 eum
2108 3608 2311 3673 deve-

444 3706 628 3770 nisse
675 3713 957 3784 statum,
1005 3707 1080 3772 in
1136 3726 1340 3789 quem
1394 3726 1533 3771 non
1592 3714 1827 3790 posset
1885 3708 2002 3771 diu
2052 3708 2311 3772 subsis-

442 3810 606 3882 tere,
646 3804 811 3887 quid
849 3806 1033 3871 facto
1072 3823 1247 3889 opus
1292 3806 1407 3883 sit,
1437 3805 1805 3887 diligenter
1844 3813 2308 3890 pertractant;

444 3910 517 3967 et
562 3923 718 3969 cum
757 3923 901 3988 pax
938 3904 1288 3969 Salaadini
1328 3904 1696 3970 haberetur
1734 3913 2077 3988 suspecta,
2114 3914 2186 3970 et
2227 3906 2312 3971 de

443 4021 602 4086 rege
666 4023 879 4087 puero
945 4003 1116 4069 nihil
1187 4004 1466 4069 remedii
1532 4005 1964 4087 sperabatur,
2034 4005 2313 4070 tandem

445 4121 654 4166 unum
695 4111 846 4168 erat
885 4103 1199 4169 omnibus
1243 4102 1623 4181 consilium,
1665 4111 1749 4168 ut
1796 4104 1886 4168 ad
1935 4104 2314 4170 Henricum

446 4221 675 4284 regem
725 4200 1111 4285 Anglorum
1167 4203 1434 4285 legatos
1485 4203 1859 4281 mitterent,
1928 4204 2047 4286 qui
2107 4205 2172 4268 ei
2225 4224 2314 4268 ex

445 4308 640 4383 parte
665 4302 1131 4369 universitatis
1161 4304 1356 4384 regni
1390 4301 2002 4386 Hierosolymitani
2031 4321 2316 4383 regnum

445 4408 516 4465 et
565 4401 794 4466 claves
852 4410 1110 4467 sanctae
1156 4401 1459 4468 civitatis
1515 4408 1586 4466 et
1649 4401 1992 4485 sepulchri
2036 4401 2316 4465 Domini

443 4507 835 4585 sanctaeque
866 4500 1376 4566 resurrectionis
1419 4498 1812 4565 solemniter
1854 4500 2315 4582 deportarent.

2331 1046 2439 1087 Am.
2458 1048 2573 1088 1184.

2334 3040 2470 3080 Βοιὼ
2487 3042 2535 3080 of

2332 3091 2522 3131 Baldwin
2541 3090 2616 3131 1v.
