3457 5887
905 835 1180 883 rnonns
1227 833 1760 883 insi-onmium.
2157 818 2288 884 285

410 995 682 1059 flectere
738 995 1129 1077 potuisset3
1206 992 1604 1076 increpabat
1662 1000 1894 1057 autem
1953 994 2285 1059 satellites
2309 1008 2550 1050 ,ιθ-1156·

405 1113 569 1158 suos
619 1094 939 1177 princeps
986 1094 1392 1170 daemonum,
1435 1092 1617 1175 quod
1658 1100 1802 1156 tam
1846 1093 1964 1156 diu
2000 1095 2285 1178 presby·
2310 1059 2489 1110 Μ

408 1201 516 1257 ter
551 1193 949 1257 inflexibilis
981 1193 1417 1276 perstitisset.
1507 1191 1706 1255 Tunc
1743 1192 2075 1256 accedens
2105 1212 2284 1257 unus

408 1312 667 1368 eorum,
693 1298 714 1327 ‘
742 1293 939 1375 Ego,’
971 1292 1219 1375 inquit,
1241 1297 1262 1326 ‘
1283 1291 1617 1373 decipiam
1640 1311 1818 1368 eum,
1845 1290 2009 1374 quia
2041 1294 2283 1374 paravi

412 1392 475 1455 ei
523 1393 874 1457 mulierem
926 1412 1049 1475 per
1103 1391 1303 1476 cujus
1346 1390 1919 1474 pulchritudinem
1968 1392 2283 1476 subjicie-

414 1498 527 1555 tur
569 1493 787 1569 nobis,
837 1491 957 1556 sed
1007 1492 1135 1555 hoc
1176 1491 1404 1554 facere
1445 1509 1582 1553 non
1636 1497 1875 1572 potero
1931 1491 2062 1555 nisi
2106 1491 2286 1555 infra

414 1590 794 1672 quindecim
825 1610 1043 1655 annos
1069 1591 1110 1671 3’
1154 1595 1175 1624 ‘
1196 1591 1271 1654 Si
1304 1589 1482 1654 infra
1517 1589 1697 1653 hunc
1743 1590 2151 1668 terminum‚’
2185 1590 2286 1655 ait

416 1691 765 1768 magister,
795 1691 1028 1754 ‘illum
1056 1690 1427 1772 deceperis,
1455 1708 1776 1770 magnam
1804 1710 1946 1753 rem
1977 1689 2285 1754 faceres!

417 1788 728 1871 Contigit
777 1797 1008 1854 autem
1058 1809 1140 1853 eo
1195 1797 1524 1872 tempore,
1572 1797 1649 1853 ut
1700 1789 2019 1853 sacerdos
2072 1789 2285 1872 juxta

413 1889 974 1953 consuetudinem
1010 1907 1211 1952 mane
1243 1888 1704 1952 coemeterium
1732 1886 2157 1966 circumienS,
2181 1889 2286 1952 in-

412 1988 753 2052 fantulam
779 1988 994 2071 juxta
1020 2006 1288 2051 crucem
1321 1988 1394 2050 in
1427 1988 1816 2051 coemeterio
1850 1989 2142 2070 positam
2179 1989 2285 2052 in-

416 2088 730 2167 veniret3
784 2106 992 2169 quam
1035 2086 1372 2168 accipiens
1418 2086 1796 2168 presbyter,
1839 2087 2095 2170 pietate
2141 2107 2287 2151 mo-

302 2254 307 2257 ,
419 2193 562 2262 tus,
620 2186 869 2250 nutrici
913 2204 1062 2249 eam
1106 2185 1606 2249 commendavit
1660 2192 1731 2248 et
1784 2185 1973 2249 illam
2032 2186 2104 2248 in
2155 2185 2287 2249 fili·

423 2304 538 2348 am
590 2283 971 2367 adoptavit,
1016 2293 1109 2363 et,
1158 2285 1322 2367 quia
1358 2285 1946 2348 sanctimonialem
1998 2304 2149 2349 eam
2185 2285 2290 2349 fa-

419 2403 575 2448 cere
626 2385 1005 2466 proposuit,
1063 2385 1296 2448 literas
1352 2384 1612 2448 discere
1654 2383 1855 2464 fecit;
1902 2403 2085 2467 quae,
2136 2403 2290 2447 cum

422 2503 643 2547 annos
708 2483 1091 2566 pubertatis
1156 2484 1529 2565 attigisset,
1592 2490 1754 2547 erat.
1806 2484 2038 2566 puella
2091 2484 2291 2547 nimis

420 2584 755 2665 speciosa,
805 2584 984 2647 unde
1031 2584 1385 2666 presbyter
1433 2583 1649 2665 coepit
1698 2583 1948 2647 tentari
2000 2584 2073 2646 in
2125 2603 2290 2647 con·

422 2683 844 2767 cupiscentia
900 2683 1073 2768 ejuS,
1117 2689 1187 2745 ct
1238 2702 1374 2764 quo
1427 2681 1782 2758 secretius,
1838 2702 1918 2747 eo
1973 2682 2290 2765 frequen-

421 2783 584 2858 tius,
629 2783 986 2866 presbyter
1030 2788 1334 2846 tentatus
1376 2801 1597 2864 nuper
1639 2800 2042 2845 consensum
2086 2783 2285 2865 petiit

425 2889 497 2946 et
544 2881 831 2959 invenit,
874 2901 999 2946 nec
1046 2889 1276 2947 tamen
1318 2881 1543 2946 adhuc
1592 2880 1677 2943 de
1719 2882 1947 2946 carnis
1993 2882 2286 2947 immun-

426 2981 600 3047 ditia
646 2982 903 3063 aliquid
954 2983 1308 3063 agebatur.
1432 2981 1660 3046 Nocte
1701 2981 1936 3063 itaque
1977 2983 2289 3064 sequenti

426 3089 805 3165 postquam
858 3080 1087 3164 puella
1151 3082 1489 3145 actionem
1550 3081 1951 3164 presbytero
2013 3100 2290 3145 conces-

426 3182 657 3258 sisset,
698 3180 1061 3257 daemoneS,
1094 3182 1213 3263 qui
1246 3180 1317 3243 in
1348 3180 1548 3245 horto
1586 3179 1934 3244 heremitae
1973 3200 2063 3243 ex
2107 3201 2291 3244 more

427 3288 914 3358 convenerant,
965 3299 1289 3362 magnum
1343 3280 1427 3344 de
1485 3299 1824 3344 consensu
1875 3280 2060 3344 facto
2121 3299 2292 3362 gau-

426 3379 618 3444 dium
660 3386 1162 3462 conceperunt3
1209 3380 1475 3444 daemon
1516 3387 1772 3456 autem,
1809 3381 1929 3462 qui
1976 3380 2290 3445 sacerdo-

424 3486 568 3543 tem
610 3478 920 3562 decipere
971 3480 1400 3561 promiserat,
1449 3480 1781 3562 magistro
1836 3497 1962 3543 suo
2003 3478 2291 3557 dicebat,

425 3584 449 3613 ‘
486 3579 670 3642 Ecce
731 3579 1108 3662 presbyter,
1167 3599 1369 3661 quem
1420 3598 1545 3661 per
1605 3578 1955 3642 mulierem
2011 3598 2118 3642 me
2174 3579 2290 3643 de-

425 3687 784 3760 cepturum
850 3679 1181 3755 dixeram,
1242 3678 1391 3762 jam
1457 3677 1587 3742 feci
1654 3679 1835 3760 quod
1896 3697 1942 3742 a
2003 3679 2291 3760 virgine,

428 3796 637 3860 quam
686 3777 757 3840 in
815 3777 1026 3841 filiam
1082 3778 1534 3860 adoptaverat
1585 3786 1656 3842 et
1710 3778 2302 3842 sanctimonialem·

427 3877 653 3941 facere
695 3877 1113 3954 decreverat,
1161 3895 1564 3940 consensum
1612 3877 1831 3959 stupri
1877 3884 2119 3960 petens
2165 3879 2291 3942 im-

431 3978 754 4059 petravit,
798 3984 869 4040 et
916 3995 1068 4039 cras
1111 3976 1282 4040 hora
1322 3976 1695 4040 meridiana
1744 3996 1916 4059 opus
1959 3977 2294 4041 nefarium

433 4077 522 4139 ad
556 4076 867 4141 effectum
897 4076 1265 4159 perducam
1291 4077 1334 4155 3'
1377 4077 1637 4158 gratias
1664 4096 1830 4158 ergo
1863 4077 1926 4140 ei
1965 4077 2295 4158 magister

432 4176 578 4258 egit
617 4184 687 4240 et
732 4176 1020 4240 viriliter
1059 4177 1283 4258 ipsum
1321 4175 1561 4240 fecisse
1603 4175 1899 4240 (licebat.
1987 4176 2121 4240 Die
2161 4175 2293 4240 ita-

433 4295 568 4358 que
628 4276 928 4339 crastino
994 4276 1353 4359 presbyter
1409 4275 1708 4358 puellam
1747 4263 2022 4339 'vocans
2085 4276 2299 4340 intro·

434 4374 637 4438 duxit
679 4375 869 4438 illam
905 4375 976 4438 in
1028 4374 1413 4439 cubiculum
1464 4394 1663 4438 suum
1697 4381 1769 4439 et
1800 4392 1951 4438 eam
2002 4375 2074 4437 in
2119 4374 2298 4439 lecto

432 4473 823 4551 collocavit,
888 4481 958 4539 et
1007 4482 1198 4538 stans
1270 4482 1432 4538 ante
1491 4474 1743 4538 lectum
1791 4475 1864 4536 in
1921 4473 2301 4537 tentatione

429 4574 698 4655 positus
767 4573 1100 4656 cogitavit
1162 4573 1326 4656 quid
1383 4582 1566 4638 esset
1628 4573 1961 4648 facturus,
2025 4580 2094 4636 et
2149 4579 2302 4636 tan-
