3457 5887
924 774 1198 822 nones
1244 773 1775 823 mss-omnum.
2161 761 2285 825 167

399 932 660 996 stantia
728 931 1054 1013 rogitare,
1116 938 1197 997 ut
1259 932 1329 994 in
1396 938 1770 1013 conspectu
1835 930 1987 1015 ejus
2052 932 2286 1013 gladio
2307 947 2417 988 A-D·
2439 948 2550 988 ¹¹⁰0-

398 1051 528 1094 suo
586 1031 921 1094 camelum
978 1032 1376 1108 maximum,
1426 1050 1627 1113 quem
1680 1030 1769 1093 ad
1829 1030 2021 1094 illum
2085 1051 2285 1096 usum

400 1130 812 1208 adduxerat,
841 1138 1196 1213 percutere
1222 1130 1648 1211 dignaretur.
1756 1129 1916 1193 Rex
1948 1149 2113 1194 vero
2144 1151 2281 1195 non

402 1229 491 1293 ad
525 1230 962 1315 jactantiam,
996 1230 1117 1293 sed
1162 1237 1240 1292 ut
1284 1229 1597 1293 barbaris
1641 1229 2039 1294 nationibus
2079 1230 2283 1294 timo-

401 1349 543 1393 rem
579 1328 939 1407 incuteret,
962 1329 1330 1411 evaginato
1362 1328 1620 1410 gladio,
1640 1329 1974 1392 camelum
2004 1349 2285 1412 percus-

401 1429 495 1492 sit
524 1436 594 1493 et
627 1437 835 1511 caput
860 1428 1133 1505 belluae,
1151 1435 1485 1511 tanquam
1521 1447 1631 1492 res
1661 1435 1845 1492 esset
1866 1429 2283 1512 perfragiliS,

400 1528 633 1611 gladio
696 1528 1125 1611 amputavit3
1197 1547 1338 1610 quo
1392 1529 1567 1605 viso,
1618 1525 1845 1591 Arabs
1899 1528 2282 1610 obstupuit,

401 1627 524 1690 sed
568 1628 639 1690 in
687 1634 914 1691 mente
952 1646 1080 1690 sua
1128 1626 1196 1689 id
1238 1627 1423 1691 ensis
1463 1627 1760 1691 acumini
1805 1627 2281 1708 adscribebat3

401 1726 607 1804 unde,
638 1726 1005 1810 impetrata
1036 1727 1319 1790 licentia
1360 1733 1439 1790 ut
1476 1727 1924 1790 confidentius
1970 1727 2280 1809 loquere-

401 1834 542 1902 tur,
580 1827 903 1909 quaesivit
949 1826 1354 1908 propensius
1404 1825 1463 1888 si
1517 1826 1586 1889 id
1637 1826 1857 1909 possit
1907 1846 2061 1890 cum
2106 1827 2281 1891 alte-

402 1927 552 1988 rius
611 1925 844 2006 gladio
905 1923 1175 2008 operari
1207 1945 1225 2004 3
1295 1932 1371 1988 at
1411 1944 1536 1988 rex
1579 1925 1933 1989 subridens
1976 1926 2284 2010 ejusdem

404 2023 712 2104 gladium
756 2023 887 2086 sibi
938 2024 1088 2087 dari
1132 2023 1484 2107 praecepit,
1542 2043 1680 2105 quo
1724 2033 2024 2107 arrepto,
2074 2025 2283 2090 alium

408 2123 748 2187 camelum
805 2124 935 2186 sibi
997 2130 1485 2205 praesentatum
1543 2124 1905 2206 percussit,
1959 2133 2029 2188 et
2077 2134 2287 2208 caput

414 2221 600 2285 illius
653 2223 803 2285 sine
850 2220 1248 2286 difficultate
1304 2222 1633 2304 praecidit.
1737 2223 1988 2305 Sicque
2038 2221 2290 2303 ArabS,

415 2321 596 2404 quod
634 2321 717 2385 de
752 2322 934 2403 regis
966 2323 1224 2386 virtute
1268 2322 1607 2398 audierat,
1647 2341 1886 2386 verum
1920 2340 2071 2385 esse
2106 2344 2288 2386 com-

409 2421 703 2505 perienS,
744 2421 977 2484 multis
1009 2420 1082 2484 in
1128 2439 1315 2496 auro,
1360 2428 1676 2503 argento,
1706 2420 1927 2503 equiS,
1963 2440 2045 2486 ac
2088 2423 2291 2486 rebus

407 2521 725 2602 pretiosis
784 2521 1182 2585 muneribus
1236 2519 1533 2598 collatis,
1588 2520 1741 2605 ejus
1796 2521 1929 2583 sibi
1993 2523 2289 2603 gratiam

405 2620 855 2703 comparavit,
889 2627 960 2684 et
990 2639 1307 2686 reversus
1348 2620 1436 2683 ad
1479 2619 1759 2703 propria
1799 2620 1984 2702 reg-is
2018 2619 2292 2685 sortitu-

408 2719 635 2784 dinem
700 2719 1014 2783 omnibus
1071 2718 1499 2802 praedicavit.
1620 2718 1889 2783 Deinde
1938 2719 2120 2782 idem
2164 2740 2288 2784 rex

413 2818 1054 2902 Hierosolymarum
1097 2817 1530 2900 magnificuS,
1583 2837 1816 2882 mense
1860 2817 1906 2881 J
1912 2819 2053 2882 ulio
2101 2819 2292 2883 incu-

413 2917 613 2982 rabili
658 2919 897 2983 morbo
935 2925 1316 3002 correptus,
1362 2926 1704 3000 aegrotare
1748 2918 1985 3002 coepit,
2028 2926 2124 2997 et,
2172 2918 2293 2982 ad-

417 3025 692 3100 sumpto
722 3019 1039 3082 humanae
1070 3018 1316 3081 salutis
1338 3017 1620 3096 viatico,
1654 3017 2006 3082 confessor
2033 3017 2292 3083 Christi

413 3116 594 3180 diem
623 3116 874 3181 clausit
907 3125 1314 3193 extremum,
1349 3137 1504 3181 cum
1532 3116 1756 3181 beatis
1802 3117 2158 3200 spiritibus
2190 3119 2291 3182 vi-

405 3223 555 3280 tam
589 3236 1036 3301 possessurus
1077 3224 1428 3281 aeternam.
1530 3216 1725 3281 Obiit
1764 3223 1995 3280 autem
2030 3217 2293 3281 decimo

402 3317 652 3398 quinto
696 3315 1028 3380 kalendas
1073 3314 1378 3398 Augusti
1422 3317 1587 3379 anni
1643 3316 2029 3399 praesentis,
2074 3324 2145 3380 et
2187 3335 2293 3381 se-

397 3415 643 3498 pultus
699 3424 807 3480 est
860 3417 932 3479 in
989 3416 1279 3480 ecclesia
1341 3415 1687 3479 Dominici
1746 3415 2113 3498 sepulchri,
2162 3417 2289 3479 sub

396 3514 560 3579 loco
594 3515 962 3592 Calvariae,
992 3517 1109 3579 ubi
1142 3522 1213 3579 et
1243 3516 1750 3579 successoribus
1789 3515 1939 3599 ejus
1975 3535 2189 3598 usque
2217 3516 2291 3579 in

394 3622 817 3697 praesentem
876 3616 1054 3679 diem
1109 3633 1235 3697 pro
1285 3615 1642 3698 sepultura
1690 3614 1884 3679 locus
1927 3622 2032 3679 est
2079 3615 2291 3697 depu-

398 3721 624 3779 tatus.
742 3714 1078 3792 Tandem,
1129 3733 1284 3778 cum
1331 3734 1454 3797 per
1503 3723 1645 3780 tres
1692 3734 1962 3779 menses
2003 3734 2292 3796 regnum

399 3821 730 3878 vacasset
797 3814 1526 3897 Hierosolymitanum,
1580 3814 1846 3899 judicio
1908 3814 2292 3897 principum

398 3915 883 3977 universorum
937 3920 1008 3977 et
1057 3912 1221 3978 cleri
1276 3914 1533 3977 citatus
1594 3921 1700 3978 est
1755 3912 2070 3976 dominus
2125 3911 2293 3977 Bal-

398 4014 747 4091 dewinuS,
791 4014 1004 4077 frater
1047 4032 1138 4076 ex
1182 4020 1477 4095 utroque
1521 4020 1809 4095 parente
1852 4013 2157 4076 defuncti
2191 4031 2297 4075 re-

397 4115 543 4194 giS,
570 4121 650 4176 ut
677 4119 836 4196 post
865 4133 1021 4177 eum
1053 4131 1208 4175 cum
1240 4111 1676 4177 festinatione
1704 4112 2088 4189 accederet,
2117 4113 2298 4175 sicut

390 4214 517 4296 jus
552 4213 966 4291 dictaverat,
999 4218 1434 4294 regnaturus.
