3457 5887
766 953 877 994 Am.
896 952 1008 993 117⁹.

766 1003 878 1043 Viuit
893 1003 942 1042 ot

765 1053 894 1094 Βοιὼ
911 1051 1010 1092 vn.

766 1109 812 1142 to
831 1099 1022 1143 Becket’u

768 1154 899 1193 tomb.

795 3229 1016 3272 nothlrd

1081 766 1213 833 398
1587 780 1851 829 uocum
1899 781 1991 828 ns
2036 779 2446 829 wmmovssn

1084 939 1389 1006 solennis
1438 939 1783 1022 processio
1842 939 1914 1001 in
1973 937 2152 1002 tanti
2201 937 2570 1001 adventum
2624 939 2951 1021 principis

1086 1039 1412 1123 majorem
1472 1037 1826 1103 ecclesiam
1882 1036 2283 1101 illustravit.
2384 1035 2729 1114 Quantum
2788 1039 2947 1101 auri

1088 1139 1199 1204 vel
1268 1138 1535 1219 argenti
1588 1136 1970 1201 Gallicanae
2032 1136 2374 1201 nobilitati
2427 1156 2556 1200 rex
2611 1136 2952 1200 Hem-icus

1088 1238 1478 1315 contulerit,
1510 1245 1978 1319 quantumque
2002 1235 2077 1298 in
2109 1236 2296 1299 vasis
2326 1243 2399 1299 et
2430 1234 2771 1318 lapidibus
2800 1254 2958 1318 pre-

1087 1337 1285 1402 tiosis
1313 1356 1548 1401 omues
1579 1335 1968 1411 honoravit,
1995 1353 2150 1399 cum
2176 1355 2316 1399 nou
2347 1335 2442 1398 sit
2458 1335 2581 1418 qui
2604 1334 2734 1398 hoc
2762 1335 2961 1410 sciat,

1090 1437 1270 1501 desit
1296 1435 1414 1519 qui
1445 1434 1723 1499 scribat.
1815 1433 2106 1500 Centum
2131 1433 2274 1499 vini
2300 1434 2567 1497 modios
2594 1453 2721 1497 rex
2751 1433 2964 1497 Fran-

1091 1556 1322 1602 corum
1339 1536 1697 1599 annuatim
1724 1534 1799 1597 in
1830 1540 2230 1616 perpetuum
2254 1533 2566 1597 Parisius
2597 1532 2965 1598 solvendos

1092 1637 1182 1700 ob
1209 1634 1661 1698 reverentiam
1703 1632 2027 1716 martyris
2070 1632 2351 1714 gloriosi
2381 1632 2459 1695 in
2494 1651 2666 1696 usus
2698 1632 2959 1714 collegii

1095 1733 1607 1804 cantuariensis
1667 1732 2028 1797 convertit.
2132 1732 2291 1796 Rex
2345 1738 2578 1797 antem
2621 1730 2955 1795 Henricus

1094 1852 1304 1916 gazas
1334 1832 1549 1896 totius
1583 1832 1778 1914 regni
1821 1831 1952 1908 sui,
1994 1838 2067 1895 et
2108 1830 2427 1913 quicquid
2474 1832 2627 1914 ipse
2669 1839 2740 1895 et
2776 1838 2958 1894 ante-

1094 1948 1399 1998 cessores
1442 1930 1595 2015 ejus
1625 1930 1697 1995 in
1728 1930 1989 1995 divitiis
2030 1937 2540 2013 congesserant,
2572 1930 2721 2011 regi
2751 1929 2960 1993 Fran·

1097 2051 1332 2097 corum
1380 2037 1452 2095 et
1502 2030 1647 2094 suis
1695 2029 2060 2113 exposuit3
2136 2029 2282 2107 sed,
2331 2049 2419 2092 ne
2476 2029 2732 2093 Franci
2783 2028 2962 2092 aliud

1100 2150 1309 2215 quam
1365 2138 1737 2213 martyrem
1785 2129 2114 2212 quaesisse
2156 2128 2573 2207 viderentur,
2614 2147 2890 2193 manum
2927 2147 2971 2191 a

1100 2249 1381 2295 munere
1407 2228 1824 2306 cohibentes,
1855 2227 2258 2311 martyrium
2285 2227 2573 2292 forsitan
2601 2248 2690 2301 ex
2722 2227 2969 2293 oblatis

1101 2330 1532 2414 pertulerunt
1557 2329 1630 2392 in
1664 2335 1914 2393 mente.
2016 2327 2129 2392 Sic
2168 2347 2293 2391 rex
2327 2327 2773 2405 Francorum,
2816 2346 2970 2392 cum

1102 2428 1175 2492 in
1206 2429 1484 2512 vigiliis,
1518 2426 1803 2512 jejuniis
1848 2434 1919 2491 et
1959 2427 2384 2491 orationibus
2413 2426 2799 2492 Cautuariae
2844 2427 2970 2490 tri-

1104 2528 1315 2592 duum
1358 2526 1835 2609 complevisset
1884 2533 1955 2590 et
1996 2526 2277 2591 xeniola
2317 2527 2620 2609 qnaedam
2661 2543 2879 2608 parva
2921 2544 2968 2588 a

1102 2646 1266 2717 rege
1293 2625 1680 2709 Anglorum
1727 2626 1800 2689 in
1847 2626 2118 2707 signum
2151 2625 2531 2690 dilectionis
2569 2626 2963 2707 acoepisset,

1106 2726 1396 2809 septimo
1439 2724 1772 2789 kalendas
1816 2723 2233 2807 Septembris
2274 2724 2366 2789 ad
2406 2724 2702 2789 Galliam
2739 2732 2967 2791 traus-

1106 2824 1409 2889 fretavit.
1510 2824 1770 2889 Eodem
1831 2841 2014 2888 anno
2074 2823 2420 2905 Rogatus,
2476 2823 2975 2907 wigorniensis

1109 2924 1494 3009 episcopus,
1526 2924 1698 2990 obiit
1727 2922 1969 3008 quinto
2001 2923 2158 2988 idus
2186 2922 2510 3006 Augusti.

1111 3095 1211 3161 Do
1238 3090 1493 3161 concilio
1524 3097 1731 3160 Roma
1759 3094 1986 3174 habito,
2004 3094 2366 3183 praesidente
2390 3117 2576 3183 papa
2607 3095 2981 3162 Aleaeandro.

1214 3219 1472 3285 Eodem
1498 3239 1678 3284 anno
1703 3220 2010 3284 habitum
2040 3228 2148 3285 est
2175 3220 2420 3285 Romae
2449 3214 2469 3252 ¹
2483 3219 2850 3285 concilium
2877 3239 2982 3302 ge-

1114 3318 1343 3384 nerale
1383 3325 1839 3384 trecentorum
1890 3328 1963 3384 et
2005 3319 2239 3384 decem
2287 3321 2765 3404 episcoporum
2809 3319 2984 3383 deci·

1115 3438 1228 3483 mo
1261 3425 1506 3501 quarto
1542 3417 1874 3483 kalendas
1913 3417 2175 3501 Aprilis
2213 3419 2286 3483 in
2327 3419 2752 3501 patriarchio
2785 3418 2985 3482 Late-

1116 3519 1414 3595 ranensi,
1466 3518 1577 3582 cui
1626 3517 1949 3601 praesedit
1997 3518 2313 3583 dominus
2362 3537 2547 3601 papa
2593 3517 2983 3583 Alexander

1115 3615 1384 3694 tertius,
1416 3617 1614 3701 cujus
1657 3623 1923 3682 statuta
1968 3619 2152 3681 omni
2187 3618 2391 3681 laude
2427 3617 2832 3699 dignissima
2862 3618 2983 3681 sub

1115 3715 1363 3797 viginti
1404 3724 1583 3793 octo,
1627 3736 1786 3799 quae
1831 3725 2228 3800 sequuntur,
2274 3717 2597 3799 capitulis
2638 3718 2984 3782 continen-

1116 3821 1269 3879 tur:
1317 3814 1426 3881 De
1457 3815 1790 3880 electione
1817 3817 2064 3880 summi
2091 3816 2470 3898 pontificis3
2517 3816 2628 3881 De
2656 3816 2990 3880 haereticis

1116 3911 1616 3995 Albegensibus
1658 3921 1730 3979 et
1777 3915 2064 3980 diversis
2104 3935 2339 3980 eorum
2378 3916 2987 3998 appellationibns3

1120 4012 1228 4076 De
1258 4012 1584 4095 ruptariis
1610 4021 1680 4078 et
1712 4014 2103 4080 Brebantiis
2129 4015 2591 4097 praedonibus,
2613 4016 2736 4099 qui
2760 4015 2988 4078 fideles

1120 4111 1470 4194 affligunt3
1531 4111 1736 4190 Quod
1793 4115 2020 4178 nullus
2071 4122 2558 4197 promoveatur
2597 4116 2670 4179 in
2732 4116 2988 4197 episco-

1120 4231 1284 4293 pum
1317 4212 1428 4276 vel
1466 4212 1554 4276 ad
1594 4212 1889 4295 aliquem
1933 4214 2193 4278 ordinis
2241 4215 2555 4297 gradum,
2597 4215 2729 4278 nisi
2763 4213 2983 4295 legiti-

1121 4330 1251 4375 mae
1284 4311 1377 4376 sit
1414 4312 1640 4376 aetatis
1673 4319 1744 4376 et
1782 4312 1866 4377 de
1900 4312 2208 4395 legitimo
2241 4314 2676 4378 matrimonio
2718 4332 2987 4395 suscep·

1187 4481 1205 4514 ¹
1231 4485 1549 4549 Concilium]
1580 4485 1687 4534 The
1724 4486 2051 4549 pmceedings
2082 4489 2141 4538 of
2172 4489 2271 4540 this
2309 4489 2506 4538 eouncil
2538 4503 2627 4539 tre
2658 4490 2712 4538 in
2742 4487 2990 4548 nandum,

1114 4559 1233 4604 tom.
1254 4555 1324 4605 vi.
1345 4561 1474 4615 part.
1497 4554 1552 4605 ii.
1575 4555 1670 4606 σοι.
1687 4559 1831 4605 1671.
