3457 5887
853 890 1124 940 rmass
1169 891 1703 940 ms'ronmnuu.
2084 875 2215 938 405

333 1048 520 1113 casio
563 1047 944 1126 discordiae,
988 1048 1446 1114 concessimus
1495 1049 1583 1113 ad
1633 1050 1952 1126 invicem,
1996 1056 2074 1113 ut
2127 1047 2212 1112 de
2234 1076 2344 1117 an.
2365 1077 2478 1118 mo.
2512 1102 2518 1107 -

332 1149 532 1212 terris
595 1149 849 1214 nostris
899 1156 969 1212 et
1021 1149 1587 1231 possessionibus,
1636 1156 1707 1213 et
1765 1148 1850 1213 de
1897 1147 2211 1212 omnibus

332 1246 486 1311 aliis
537 1249 763 1321 rebus,
811 1266 984 1331 quas
1022 1245 1350 1311 habemus
1399 1248 1626 1325 modo,
1660 1248 1839 1313 alter
1881 1248 2210 1312 adversus

333 1346 624 1411 alterum
658 1346 828 1410 nihil
871 1346 1115 1411 amodo
1153 1353 1366 1428 petet,
1397 1353 1688 1430 excepto
1726 1347 1812 1411 de
1842 1345 2207 1424 Arvernia,

331 1445 417 1510 de
456 1465 595 1528 qua
626 1447 806 1510 inter
842 1465 970 1510 nos
1008 1452 1115 1509 est
1148 1445 1520 1523 contentio,
1564 1453 1634 1510 et
1676 1453 1969 1529 excepto
2008 1446 2206 1510 feodo

330 1544 415 1609 de
471 1552 699 1610 castro
756 1544 1131 1628 Radulphi,
1176 1552 1246 1609 et
1294 1544 1601 1627 exceptis
1653 1545 1933 1610 minutis
1988 1545 2206 1610 feodis

328 1646 580 1708 nostris
632 1652 702 1709 et
745 1645 985 1709 divisis
1037 1650 1371 1708 terrarum
1419 1651 1802 1708 nostrarum
1849 1643 1934 1708 de
1980 1643 2199 1709 Berri.

327 1743 400 1806 Si
440 1751 669 1809 autem
713 1764 922 1827 super
962 1744 1093 1820 his,
1130 1762 1286 1826 quae
1323 1750 1616 1826 excepta
1657 1751 1844 1821 sunt,
1877 1763 2002 1826 per
2040 1763 2197 1808 nos·

322 1836 651 1926 metipsos
694 1844 1056 1908 convenire
1105 1862 1245 1906 non
1300 1842 1696 1926 poterimus,
1749 1862 1879 1925 ego
1937 1841 2200 1926 Philip-

323 1960 453 2024 pus
489 1950 629 2006 tres
669 1942 845 2023 elegi
881 1944 1239 2026 episcopos
1277 1949 1348 2006 et
1380 1942 1698 2020 barones,
1731 1950 1801 2005 et
1844 1961 1974 2024 ego
2009 1942 2203 2006 Hen-

321 2042 506 2104 ricus
546 2040 854 2119 totidem,
890 2043 1007 2124 qui
1041 2043 1223 2105 inter
1256 2059 1382 2105 nos
1417 2041 1669 2119 dicent,
1701 2048 1773 2104 et
1810 2060 1935 2105 nos
1969 2060 2201 2105 eorum

313 2139 579 2223 judicio
627 2140 963 2205 stabimus
1012 2140 1298 2205 firmiter
1341 2147 1412 2203 et
1455 2141 1639 2204 bona
1681 2138 1859 2204 fide.'
1943 2138 2201 2204 Eodem

321 2246 629 2322 tempore
692 2239 1119 2317 LodowicuS,
1186 2259 1310 2303 rex
1379 2238 1827 2316 Francorum,
1895 2237 2202 2303 Parisius

317 2338 498 2403 diem
534 2340 825 2404 exclusit
864 2346 1244 2403 extremum
1279 2338 1542 2403 decimo
1584 2345 1834 2421 quarto
1868 2337 2200 2402 kalendas

319 2436 666 2515 Octobris,
714 2445 785 2502 et
834 2438 1147 2521 sepultus
1197 2445 1303 2501 est
1348 2438 1421 2500 iu
1477 2438 1893 2502 monasterio
1939 2436 2200 2501 Cisterz-

316 2537 540 2599 censis
605 2536 885 2615 ordinis,
963 2530 1392 2601 ¹Barbellum
1456 2543 1953 2619 nuncupatum,
2013 2538 2197 2620 quod

315 2636 522 2699 etiam
586 2636 881 2718 propriis
942 2635 1328 2719 sumptibus
1391 2635 1787 2700 inchoatum
1839 2634 2019 2698 idem
2071 2656 2195 2700 rex

313 2732 751 2799 laudabiliter
787 2735 1310 2801 consummavit.

337 2906 512 2988 Quod
538 2906 919 2986 Richardus,
952 2928 1137 2973 comes
1167 2907 1578 2984 Pictavomis,
1612 2916 1815 2973 terras
1851 2908 2163 2995 Gaufridi

748 3007 823 3072 de
850 3008 1176 3073 Liziniaco
1202 3008 1483 3094 qraviter
1507 3009 1753 3091 afflixit.

223 3205 230 3212 ,
415 3130 552 3196 Per
591 3131 773 3196 idem
815 3140 1083 3215 tempus
1118 3131 1672 3215 Aquitannorum
1716 3131 1861 3195 dux
1899 3131 2192 3196 Richar-
2215 3160 2381 3200 Aet-or

312 3231 442 3295 dus
485 3239 556 3296 et
599 3231 886 3295 Henrici
930 3231 1112 3314 regis
1144 3231 1354 3310 filius,
1397 3251 1521 3313 per
1562 3231 1951 3313 superbiam
1997 3230 2189 3296 Gau·
2214 3209 2413 3299 ffiffl

311 3331 472 3394 fridi
532 3329 616 3394 de
669 3330 1006 3395 Rancona
1057 3331 1292 3394 multis
1350 3349 1537 3413 saepe
1589 3330 1953 3394 lacessitus
2006 3331 2189 3415 inju-
2212 3310 2457 3360 ‘'qum'‘

310 3428 459 3506 riis,
515 3429 817 3493 collectis
861 3430 1162 3512 undique
1221 3429 1631 3493 militaribus
1675 3429 1915 3513 copiis,
1959 3429 2190 3495 Taile-

310 3529 509 3605 burc,
535 3528 890 3593 castellum
924 3528 1228 3612 ejusdem
1264 3526 1605 3606 Gaufridi,
1626 3521 2014 3593 ²obsidione
2045 3530 2192 3593 val-

307 3626 509 3704 lavit,
542 3646 715 3709 opus
747 3627 1368 3710 desperatissimum
1408 3634 1481 3691 et
1508 3627 1691 3711 quod
1728 3647 2008 3692 suorum
2040 3628 2187 3691 nul-

306 3725 421 3789 lus
454 3733 960 3790 antecessorum
994 3734 1336 3792 attentare
1365 3728 1842 3810 praesumpsit3
1887 3735 2185 3791 castrum

307 3826 490 3892 enim
534 3824 706 3888 illud
753 3833 915 3890 ante
959 3825 1104 3889 dies
1156 3824 1312 3888 illos
1370 3825 1669 3890 hostium
1714 3826 1949 3890 cuneis
1992 3845 2184 3908 pror-

309 3943 431 3988 sus
465 3923 913 4006 incognitum,
957 3923 1211 4007 triplici
1249 3923 1509 3989 fossato
1552 3924 1970 4007 totidemque
2012 3944 2185 3989 moe-

309 4023 443 4086 niis
483 4023 827 4100 vestitum,
861 4023 1054 4100 seris,
1100 4023 1308 4086 armis
1351 4031 1421 4088 et
1464 4024 1811 4106 repagulis
1854 4023 2183 4088 sufficien-

310 4129 419 4185 ter
454 4122 883 4200 instructum,
927 4123 1229 4186 turribus
1263 4141 1387 4205 per
1426 4123 1793 4187 intervalla
1836 4123 2185 4206 dispositis

307 4221 738 4302 insignitum,
785 4229 1211 4304 comportato
1254 4222 1481 4305 lapide
1533 4223 1603 4286 in
1646 4222 2184 4305 propugnaculis

307 4321 670 4397 munitum,
711 4320 1066 4385 abundans
1108 4322 1181 4384 in
1211 4320 1651 4397 victualibus,
1694 4321 2015 4385 refertum
2059 4319 2184 4381 mi-

383 4497 396 4526 ¹
424 4500 722 4550 Boebeanm.
747 4500 769 4563 ]
817 4500 924 4549 'rho
966 4500 1129 4561 abbey
1171 4499 1230 4547 of
1340 4494 1363 4526 ²
1389 4497 1646 4546 Obsidione
1675 4497 1891 4547 vallavit.
1916 4490 1938 4564 ]
1984 4497 2067 4546 On
2098 4497 2182 4546 tho

308 4570 781 4689 paiffissux'wmh
802 4570 864 4619 he
886 4569 986 4619 bad
1003 4569 1223 4619 founded
1279 4571 1355 4615 lut
1377 4567 1536 4629 May3
1570 4567 1771 4631 Diceto,
1790 4568 1887 4616 col.
1908 4570 2022 4617 60³.

308 4654 362 4688 m
514 4675 528 4691 .
