3457 5887
973 830 1248 880 FLORBS
1292 831 1827 882 merom-Aaou.
2245 821 2333 885 43

460 991 861 1055 transmisit.
965 988 1223 1053 Eodem
1273 1007 1454 1053 anno
1509 996 1706 1053 tanta
1767 999 1918 1055 erat
1974 991 2332 1057 inundatio
2353 1012 2463 1054 Α».
2483 1013 2593 1052 ma

462 1091 876 1173 pluviarum,
904 1095 1232 1171 quantam
1276 1107 1474 1152 nemo
1522 1090 1924 1154 meminerat
1962 1099 2167 1155 antea
2216 1110 2332 1155 ac·

462 1189 756 1267 cidisse3
801 1187 1068 1263 deinde,
1096 1187 1617 1269 superveniente
1658 1195 1964 1271 tempore
2006 1188 2330 1272 hyemali,

461 1288 743 1351 flumina
784 1288 885 1351 ita
927 1294 1092 1350 sunt
1134 1286 1496 1368 congelata
1540 1294 1620 1350 ut
1663 1287 2128 1369 equitantibus
2170 1309 2328 1371 per-

461 1386 781 1450 meabilia
821 1386 1240 1461 viderentur,
1282 1384 1426 1461 sed,
1472 1383 1746 1449 tandem
1791 1387 1948 1468 gelu
2001 1388 2326 1466 resoluto,

462 1486 795 1550 confracti
838 1492 1004 1548 sunt
1035 1491 1279 1567 pontes
1328 1484 1720 1565 glacialium
1750 1486 2008 1568 impetu
2059 1495 2325 1551 crusta-

461 1604 634 1648 rum.
728 1583 886 1647 Hoc
930 1602 1202 1666 quoque
1239 1601 1417 1647 anno
1449 1576 1637 1660 ¹Iv0,
1669 1584 2107 1648 Belvacensis
2149 1605 2327 1668 pree-

461 1684 751 1766 positus,
801 1700 845 1746 a
904 1701 1089 1765 papa
1145 1681 1427 1746 Urbano
1480 1691 1914 1747 consecratus
1964 1684 2326 1768 episcopus

463 1781 927 1847 CarnotensiS.
1046 1781 1303 1845 Eodem
1366 1800 1549 1845 anno
1615 1782 1900 1846 baculus
1957 1783 2218 1864 ignitus
2282 1804 2328 1848 a

463 1880 741 1945 meridie
786 1881 873 1944 ad
919 1880 1304 1963 aquilonem
1347 1899 1472 1962 per
1517 1881 1762 1943 caelum
1795 1881 1954 1945 ferri
1985 1883 2176 1945 visus
2219 1891 2328 1947 est

460 1979 776 2045 kalendis
804 1978 1131 2061 Augusti,
1161 1987 1232 2043 et
1274 1987 1514 2043 secuta
1555 1987 1662 2043 est
1686 1980 1901 2044 sames
1931 1978 2186 2058 valida,
2220 1981 2324 2046 sa-

463 2097 778 2160 memque
819 2086 1016 2142 tanta
1052 2078 1433 2142 mortalitas
1481 2077 1851 2156 hominum,
1899 2086 1978 2144 ut
2015 2081 2138 2144 vix
2182 2079 2325 2144 vivi

463 2177 851 2241 sufficerent
887 2184 1186 2241 mortuos
1226 2177 1534 2258 sepelire.
1630 2171 1654 2208 ²
1668 2177 1806 2241 Per
1845 2178 2020 2241 idem
2055 2186 2328 2261 tempus

465 2296 594 2341 rex
670 2274 1057 2339 Willelmus
1125 2294 1171 2339 a
1236 2275 1444 2339 fratre
1515 2275 1822 2340 Roberto
1891 2286 2327 2359 provocatus,

465 2374 650 2457 quod
673 2373 1156 2458 jusjurandum
1203 2393 1339 2438 non
1381 2375 1811 2439 observasset
1858 2374 2039 2456 quod
2084 2375 2186 2438 illi
2230 2376 2327 2440 fe-

463 2481 674 2549 cerat,
729 2474 802 2536 in
884 2471 1377 2536 Normanniam
1444 2473 1955 2552 transfretavit3
2018 2481 2112 2550 et,
2175 2494 2327 2539 cum

459 2574 706 2637 fratres
786 2572 1229 2636 convenirent
1306 2569 1394 2635 ad
1470 2571 1910 2654 colloquium,
1979 2572 2328 2656 juratores

462 2680 906 2753 utrorumque
977 2669 1249 2752 culpam
1325 2676 1546 2733 totam
1619 2671 1691 2733 in
1756 2690 1982 2753 regem
2062 2672 2328 2736 resude-

460 2778 645 2834 runt.
751 2769 910 2834 Rex
970 2788 1240 2851 quoque
1300 2788 1418 2833 eos
1478 2770 1837 2851 negligens
1885 2777 1954 2834 et
2001 2770 2325 2836 iracunde

463 2869 819 2932 discedens
873 2869 1228 2932 castellum
1293 2867 1603 2931 Burense
1659 2869 1913 2933 invasit
1977 2876 2047 2934 et
2101 2871 2322 2953 cepit3

469 2989 510 3032 e
552 2977 817 3047 contra,
879 2970 1048 3034 Dux
1090 2975 1389 3032 castrum
1441 2966 1915 3049 Argentonum
1979 2970 2185 3052 cepit,
2256 2978 2327 3034 et

463 3069 540 3131 in
612 3087 695 3132 eo
758 3067 1102 3132 consulem
1159 3068 1343 3149 regis
1402 3066 1755 3148 Rogerum
1821 3067 2325 3147 Pictavensem,

463 3174 537 3230 et
595 3186 748 3230 cum
810 3187 891 3232 eo
945 3166 1195 3230 milites
1254 3166 1751 3248 septingentos,
1818 3174 1888 3232 et
1946 3165 2326 3232 Hulmense

458 3267 819 3329 castellum
878 3273 1391 3348 consequenter.
1495 3264 1653 3329 Rex
1707 3265 1980 3330 interim
2032 3286 2323 3332 summo-

457 3365 606 3428 neri
638 3366 801 3429 fecit
827 3365 1071 3446 viginti
1097 3364 1309 3426 millia
1338 3363 1638 3446 peditum
1682 3363 1768 3428 de
1813 3384 2024 3446 regno
2057 3365 2323 3448 Anglo·

457 3483 634 3542 rum,
700 3472 779 3528 ut
834 3464 905 3527 in
965 3463 1390 3527 Normannia
1441 3463 1932 3542 convenirent;
1994 3466 2115 3547 qui
2164 3484 2319 3529 cum

459 3563 548 3626 ad
594 3582 781 3627 mare
812 3563 1159 3627 venissent
1201 3563 1579 3639 transituri,
1621 3581 1749 3626 rex
1791 3582 1837 3626 a
1878 3563 2165 3645 singulis
2208 3584 2323 3628 eo-

457 3682 610 3724 rum
660 3663 1014 3745 pecuniam
1055 3660 1420 3725 victualem
1478 3661 1707 3725 decem
1765 3662 2024 3727 scilicet
2066 3663 2322 3727 solidos

456 3762 822 3844 accipiens,
889 3778 1120 3825 omnes
1180 3760 1456 3824 domum
1516 3761 1797 3824 remisit.
1927 3761 2096 3825 Dux
2159 3781 2323 3826 vero

455 3860 806 3924 Robertus
867 3859 1156 3924 adduxit
1215 3860 1288 3922 in
1348 3858 1846 3923 Normanniam
1929 3860 2320 3943 Philippum

452 3979 689 4041 regem
747 3959 1190 4033 Francorum,
1251 3965 1320 4021 et
1383 3959 1761 4022 exercitum
1818 3959 2192 4040 copiosum,
2244 3968 2322 4026 ut

452 4058 798 4122 obsideret
845 4057 1026 4139 apud
1078 4063 1376 4121 castrum
1424 4056 1510 4121 de
1558 4055 1759 4122 Auco
1802 4076 2029 4140 regem
2059 4057 2323 4123 Willel-

448 4176 680 4235 mum3
725 4156 843 4220 sed
885 4174 1008 4219 rex
1038 4157 1479 4233 Francorum,
1521 4158 1830 4238 pecuniae
1861 4158 2155 4221 tenebris
2201 4177 2325 4222 ex·

452 4263 781 4330 caecatus,
837 4255 1036 4319 rediit
1097 4255 1170 4318 in
1226 4254 1583 4318 Franciam
1647 4263 1717 4319 et
1771 4257 2115 4320 exercitus
2171 4257 2322 4341 ejus

527 4461 545 4494 ¹
570 4463 699 4527 [vm]
730 4464 880 4525 Upon
899 4463 983 4512 the
1004 4463 1120 4512 date
1141 4463 1200 4511 of
1230 4459 1361 4511 Ivo'n
1479 4459 1502 4492 ²
1523 4463 1626 4513 Per
1646 4464 1771 4513 iden
1793 4465 2016 4529 cenapum]
2040 4465 2327 4527 According

453 4535 795 4595 appointment
825 4539 876 4581 to
910 4532 995 4581 the
1027 4547 1111 4582 οοε
1130 4533 1190 4581 of
1202 4532 1361 4582 Char-
1410 4539 1461 4581 to
1481 4533 1565 4582 the
1586 4533 1707 4583 Su.
1733 4533 1916 4585 ehron.
1945 4535 1998 4583 in
2028 4533 2113 4584 tbe
2135 4534 2328 4583 follow·

453 4609 577 4665 tren,
598 4618 680 4652 see
703 4603 854 4664 Pagi,
872 4602 938 4652 ad
960 4617 1041 4652 nn.
1066 4599 1256 4666 1⁰02,§
1279 4605 1326 4650 ⁸.
1407 4604 1494 4666 ing
1514 4616 1652 4666 year.
