3457 5887
840 771 1115 820 nonas
1161 771 1692 822 ms‘romsauu.
2109 758 2195 822 49

328 932 403 994 in
439 951 556 995 ore
599 949 972 1007 saccorum,
1002 930 1120 994 sed
1153 930 1225 993 in
1261 930 1476 1013 ipsius
1519 928 2011 1012 archiepiscopi
2054 949 2193 993 ma·
2221 946 2324 986 sn.
2346 945 2455 983 um.

330 1032 500 1093 nicis
544 1037 614 1093 et
645 1029 939 1105 clitellis,
969 1030 1313 1111 improbus
1356 1036 1819 1111 perscrutator
1846 1028 2188 1110 quaesivit,

330 1129 452 1192 sed
481 1128 835 1210 quaesitam
869 1148 1006 1192 non
1036 1129 1341 1206 invenit3
1386 1126 1504 1191 sed
1536 1146 1659 1190 nec
1705 1129 1806 1190 sic
1857 1127 2189 1209 archiepi-

332 1246 580 1310 scopus
623 1225 734 1291 vel
773 1228 1053 1290 verbum
1107 1225 1338 1290 retulit
1383 1225 1880 1301 amaritudinis,
1907 1226 2015 1288 vel
2066 1245 2188 1290 no-

334 1333 479 1389 tam
512 1325 925 1389 confusionis
958 1333 1080 1389 aut
1107 1325 1494 1389 offensionis
1540 1324 1812 1407 signum
1864 1324 2186 1388 ostendit.

337 1424 473 1488 Sed
503 1424 684 1488 illico
716 1443 870 1487 cum
898 1424 1443 1506 archiepiscopus
1475 1423 2001 1500 transfretasset,
2020 1424 2190 1504 pub-

336 1523 488 1587 licae
538 1523 897 1605 potestatis
941 1523 1364 1605 apparitores
1409 1524 1638 1586 omnia
1681 1523 1834 1606 ejus
1865 1531 1935 1586 et
1975 1521 2188 1586 eccle-

340 1623 461 1685 siae
495 1622 675 1685 bona
717 1621 1060 1684 fiscalibus
1103 1620 1471 1685 commodis
1519 1620 1950 1697 addixerunt,
1993 1621 2066 1683 in
2097 1621 2191 1683 ir-

339 1721 544 1784 ritum
582 1727 980 1783 revocantes
1019 1720 1338 1802 quicquid
1373 1719 1689 1783 utilitatis
1719 1719 1829 1783 vel
1875 1720 2191 1784 honesta-

343 1819 432 1882 tis
478 1820 550 1881 in
607 1819 894 1881 ecclesia
940 1825 1276 1882 statuerat
1318 1817 1755 1900 archipraesul
1798 1817 2188 1883 AnselmuS.

340 1916 653 1981 Visitans
706 1936 871 1997 ergo
917 1916 1150 1979 limina
1205 1916 1692 1998 apostolorum,
1743 1935 1787 1978 a
1838 1936 2018 1999 papa
2061 1916 2194 1979 Ur-

340 2018 522 2079 bano
552 2017 853 2078 maximo
882 2034 1034 2077 cum
1066 2014 1318 2079 honore
1363 2022 1675 2097 receptus
1713 2022 1819 2079 est
1850 2015 2192 2091 Laterani,

345 2134 502 2178 cum
530 2133 666 2195 qno
714 2113 1138 2195 postmodum
1164 2113 1235 2175 in
1266 2114 1549 2176 Barensi
1591 2113 1881 2177 concilio
1913 2113 2193 2177 Graeco·

349 2232 502 2275 rum
531 2231 575 2274 a
608 2211 739 2274 fide
785 2210 1120 2275 catholica
1159 2210 1625 2274 dissidentium
1671 2210 2051 2276 confutavit
2090 2231 2197 2275 er-

345 2330 591 2375 rorem.
696 2309 958 2373 Habito
989 2308 1230 2372 deinde
1272 2309 1559 2373 concilio
1588 2309 1854 2386 Romae,
1885 2311 1996 2374 cui
2022 2309 2199 2373 idem

345 2429 528 2492 papa
549 2408 871 2491 praesedit
889 2408 1234 2483 UrbanuS,
1250 2408 1558 2471 interfuit
1579 2428 1596 2485 ;
1626 2409 1697 2470 in
1716 2427 1877 2490 quo,
1892 2408 2200 2473 Anselmi

345 2509 650 2584 consilio,
721 2509 934 2571 laicos
995 2507 1438 2570 investituras
1503 2505 1940 2570 ecclesiarum
2018 2526 2201 2571 more

346 2609 632 2691 pristino
681 2606 1125 2681 conferentem,
1175 2612 1245 2669 et
1288 2623 1404 2669 eas
1447 2624 1490 2668 a
1530 2605 1723 2668 laicis
1770 2606 2200 2688 accipientes,

347 2715 418 2771 et
463 2707 692 2770 taliter
737 2712 897 2787 post
949 2705 1271 2786 adeptum
1315 2704 1639 2768 honorem
1680 2723 1927 2768 munus
1966 2724 2200 2769 conse·

346 2805 671 2869 erationis
695 2802 1080 2885 impendere
1111 2810 1621 2885 praesmenteS,
1653 2820 1692 2865 a
1741 2803 2205 2868 communione

352 2903 658 2968 fidelium
700 2901 1045 2985 synodalis
1087 2902 1459 2966 auctoritas
1501 2901 1801 2966 decrevit
1852 2909 2201 2967 exsortes:

356 3022 401 3067 a
460 3002 745 3067 concilio
806 3001 1014 3082 igitur
1074 3001 1342 3064 rediens
1401 2999 1969 3083 archiepiscopus,
2025 3002 2205 3083 apud

354 3101 767 3182 Lugdunum
792 3100 1260 3181 aequanimiter
1290 3099 1496 3162 subiit
1530 3099 1844 3163 exsilium
1875 3119 2090 3183 usque
2120 3100 2205 3163 ad

351 3201 558 3265 finem
591 3200 750 3264 vitae
780 3198 961 3279 regis
990 3197 1339 3262 willelmi.

581 3371 1350 3435 Devitaetmortesancti
1390 3371 1959 3457 Wstwniepiscopi.

453 3494 660 3559 Anno
697 3494 970 3558 Domini
1005 3510 1228 3558 mxcv,
1258 3496 1366 3559 vir
1396 3495 1558 3558 vitae
1586 3496 1994 3560 venerabilis
2024 3489 2206 3560 ¹W1-
2231 3510 2338 3549 M>-
2359 3511 2472 3549 ¹0⁹⁵-

352 3601 622 3670 smnus,
642 3592 1135 3675 Wigorniensis
1180 3593 1561 3676 episcopus,
1593 3596 1914 3676 migravit
1946 3595 2033 3657 ad
2065 3594 2208 3659 Do·

356 3693 641 3769 minum,
693 3694 885 3775 cujus
934 3693 1248 3756 nimirum
1304 3692 1718 3773 religiositas
1772 3700 1842 3758 et
1890 3694 2211 3775 religiosa

352 3792 577 3872 exigit
627 3791 979 3867 sanctitas,
1024 3799 1102 3855 ut
1133 3791 1217 3854 de
1249 3790 1398 3873 ejus
1447 3791 1519 3853 in
1566 3791 1798 3855 seculo
1851 3810 2212 3856 conversa-

355 3891 550 3953 tione
591 3890 916 3954 laudabili
948 3890 1057 3953 vel
1098 3908 1319 3972 pauca
1362 3888 1447 3951 ad
1495 3889 1862 3970 legentium
1919 3891 2211 3955 aedifica-

352 3990 614 4053 tionem
656 3988 810 4052 huic
851 3987 1152 4052 historiae
1184 3989 1582 4051 inseramus.
1684 3990 2042 4054 Wlstanus
2083 3990 2212 4071 igi·

353 4095 478 4152 tur
504 4088 655 4152 Deo
702 4088 872 4150 satis
904 4087 1237 4166 amabilis,
1263 4088 1335 4149 in
1389 4087 1739 4169 provincia
1768 4087 2215 4153 Warwicensi

356 4185 701 4267 religiosis
748 4186 1141 4267 parentibus
1188 4185 1536 4262 oriunduS,
1593 4193 1790 4268 patre
1835 4187 2095 4251 Estano
2147 4195 2218 4251 et

429 4388 449 4420 ¹
480 4391 746 4452 munau,
786 4390 1141 4454 Wigoruiensis
1172 4391 1270 4455 epi·
1317 4390 1400 4440 the
1437 4396 1674 4440 accounts
1704 4394 1773 4454 by
1809 4393 1986 4442 Ailred
2024 4394 2082 4443 of
2109 4395 2228 4444 Rie-

354 4461 571 4524 κοῖαι]
603 4461 709 4510 The
729 4461 916 4522 history
937 4460 995 4509 of
1008 4461 1090 4509 the
1111 4460 1198 4509 lire
1219 4461 1277 4509 of
1316 4461 1488 4521 vaulx,
1522 4460 1854 4525 Malmsbnry,
1888 4462 1989 4511 and
2026 4464 2224 4513 Simeon

362 4530 595 4578 wulstan
615 4529 708 4579 has
735 4532 861 4580 been
880 4528 1128 4591 compiled
1146 4529 1269 4579 from
1314 4530 1372 4579 of
1385 4528 1631 4580 Durham.

475 4619 628 4666 VOL.
664 4620 741 4668 11.
1894 4621 1935 4666 B

2233 3561 2274 3599 8.
2295 3560 2500 3605 wulstan.

2297 3609 2443 3659 hopof

2233 3610 2477 3699 ξω.
