3457 5887
926 828 1202 883 FLORBS
1247 829 1777 889 msronmnun.
2169 820 2298 884 307

422 986 833 1052 tuariensem
883 988 1495 1073 archiepiscopum,
1534 995 1602 1053 et
1642 1008 1876 1071 regem
1910 988 2295 1074 Anglorum
2318 1008 2558 1050 «mn-11⁶⁴-

419 1089 886 1153 controversia
928 1089 1357 1166 versabatur,
1401 1088 1487 1152 de
1535 1088 1894 1172 utriusque
1936 1091 2295 1158 voluntate

419 1185 530 1249 die
560 1188 873 1268 praefixo,
904 1196 983 1252 ut
1020 1187 1093 1251 in
1132 1208 1238 1265 eo,
1260 1188 1538 1272 justitia
1571 1188 1938 1266 mediante,
1968 1190 2090 1255 illa
2129 1211 2291 1257 con-

420 1287 758 1351 troversia
799 1288 1236 1366 terminetur;
1282 1287 1369 1353 ad
1406 1288 1692 1351 eundem
1737 1288 1939 1365 diem,
1984 1309 2072 1353 ex
2112 1310 2288 1372 prae-

421 1392 620 1467 cepto
663 1387 875 1467 regio,
915 1385 1431 1469 archiepiscopi,
1464 1386 1767 1469 episcopi
1806 1395 1877 1451 et
1911 1389 2141 1453 caeteri
2175 1409 2287 1454 ec-

420 1482 785 1548 clesiarum·
839 1485 1105 1566 praelati
1167 1491 1654 1562 convocantur,
1721 1493 1797 1550 ut
1851 1494 2111 1569 quanto
2167 1508 2286 1569 ge-

420 1583 711 1647 neralior
759 1591 942 1649 esset
987 1583 1257 1647 concilii
1303 1583 1674 1648 celebratio
1726 1591 1922 1648 tanto
1965 1585 2284 1651 manifes-

419 1680 556 1746 tior
602 1682 795 1748 fieret
846 1682 1106 1747 fraudis
1161 1690 1233 1747 et
1292 1682 1574 1748 malitiae
1634 1682 2030 1749 denudatio.
2151 1686 2284 1750 Die

419 1783 794 1847 constituto
836 1781 1154 1847 catholici
1198 1782 1520 1864 principis
1559 1783 1955 1865 conspectui
1989 1804 2065 1848 se
2106 1805 2282 1868 prae-

418 1882 720 1947 sentavit
760 1882 957 1963 regni
1002 1880 1315 1945 turbator
1351 1881 1423 1944 in
1469 1879 1781 1958 ecclesia,
1813 1882 1956 1965 qui,
2004 1882 2089 1947 de
2122 1903 2281 1948 suo-

418 1999 571 2044 rum
625 1981 1020 2045 meritorum
1084 1978 1415 2062 qualitate
1479 1999 1618 2044 non
1676 1999 1983 2058 securus,
2043 1982 2281 2049 Domi·

419 2080 595 2143 nicae
632 2080 853 2144 crucis
895 2085 1115 2145 armat
1144 2098 1218 2144 se
1268 2078 1648 2160 signaculo,
1680 2087 2010 2161 tanquam
2050 2082 2137 2145 ad
2170 2089 2279 2165 ty-

422 2179 622 2241 ranni
677 2179 1111 2262 praesentiam
1160 2196 1597 2257 accessurus;
1643 2197 1770 2242 nec
1821 2186 2051 2242 tamen
2093 2181 2281 2263 regia

420 2276 748 2361 majestas
812 2277 1196 2356 offenditur,
1257 2277 1379 2343 sed
1446 2296 1674 2343 causae
1746 2296 1890 2343 suae
1948 2277 2281 2362 judicium

421 2376 890 2458 episcoporum
920 2377 1076 2442 fidei
1115 2375 1501 2454 committit,
1544 2383 1623 2441 nt
1655 2376 1872 2441 sic.ab
1916 2376 2103 2440 omni
2135 2397 2285 2441 sus-

418 2474 683 2557 picione
723 2475 1068 2542 liberetur.
1177 2475 1516 2541 Restabat
1556 2482 1637 2540 nt
1669 2474 1934 2559 judicio
1979 2476 2281 2559 episcopi

414 2592 690 2638 causam
720 2576 1182 2653 terminarent,
1215 2582 1293 2638 ut
1329 2575 1429 2639 sic
1455 2574 1861 2639 dissidentes
1889 2576 1961 2639 in
1986 2576 2280 2657 gratiam

413 2673 821 2740 foederarent
870 2682 941 2739 et
982 2673 1422 2739 dissensionis
1480 2692 1714 2739 eorum
1769 2674 2122 2738 materiam
2172 2695 2279 2740 se-

411 2772 738 2855 pelirent;
794 2781 869 2839 at
921 2773 1155 2839 obviat
1212 2772 1642 2839 adversarius
1685 2778 1758 2839 et
1811 2772 2071 2857 objicit,
2113 2793 2282 2855 quo-

411 2872 597 2935 niam
628 2873 852 2955 ipsum
889 2892 1118 2937 coram
1161 2891 1323 2955 rege
1364 2879 1550 2935 stare
1569 2871 1854 2957 judicio,
1890 2879 2073 2936 esset
2116 2891 2281 2957 apo-

414 2971 675 3036 stolicae
717 2973 897 3037 sedis
926 2979 996 3036 et
1024 2971 1378 3054 dignitatis
1408 2970 1768 3040 diminutio
1796 2991 1815 3050 ;
1859 2989 1942 3035 ac
1975 2972 2036 3035 si
2064 2975 2282 3037 nesci-

416 3079 515 3148 at,
554 3070 761 3154 quod,
799 3071 929 3136 etsi
968 3070 1041 3134 in
1079 3070 1198 3134 illo
1231 3070 1496 3154 judicio
1531 3069 2036 3152 aliquantulum
2081 3070 2278 3135 dero-

414 3176 697 3252 garetur
757 3169 1059 3238 ecclesias
1113 3168 1459 3252 dignitati,
1504 3168 2068 3233 dissimulandum
2131 3179 2279 3235 erat

414 3289 541 3352 pro
579 3276 904 3354 tempore,
935 3276 1013 3334 ut
1054 3288 1194 3352 pax
1238 3268 1542 3333 ecclesiae
1585 3267 2003 3332 redderetur.
2082 3268 2278 3354 Obji-

416 3369 514 3433 cit
545 3369 814 3447 iterum,
845 3368 1060 3451 patris
1103 3368 1516 3440 sibinomen
1550 3368 1922 3444 ascribens,
1955 3366 2139 3450 quod
2167 3389 2277 3432 ar-

417 3468 802 3549 rogantiam
853 3467 1154 3540 redolere
1199 3466 1472 3538 videtur
1527 3465 1709 3548 quod
1763 3465 1888 3529 filii
1946 3467 2017 3529 in
2061 3468 2277 3548 patris

413 3566 918 3636 damnationem
961 3566 1235 3632 minime
1283 3565 1661 3632 debuerant
1705 3565 2111 3644 convenire3
2155 3566 2273 3629 sed

414 3667 869 3736 necessarium
918 3673 1090 3744 erat,
1144 3673 1223 3730 ut
1272 3664 1491 3748 patris
1548 3664 1936 3746 superbiam
1984 3664 2271 3729 filiorum

414 3764 762 3846 humilitas
802 3772 1235 3848 temperaret,
1260 3784 1346 3828 ne
1381 3770 1540 3845 post
1564 3770 1827 3844 patrem
1858 3763 1930 3825 in
1961 3762 2118 3827 filiis
2153 3782 2272 3846 pa-

413 3864 537 3927 tris
576 3865 805 3929 odium
838 3871 1253 3947 parentaret.
1331 3861 1695 3927 Instabant
1732 3868 1964 3925 autem
2008 3861 2098 3926 ad
2143 3862 2272 3927 hoc

413 3964 635 4034 nuntii
664 3964 991 4041 studiose,
1012 3970 1093 4028 ut
1124 3963 1260 4027 duo
1292 3962 1504 4045 legati
1538 3961 1967 4025 mitterentur
1997 3979 2041 4024 a
2068 3979 2274 4044 papa,

413 4063 531 4145 qui
561 4082 839 4127 causam
878 4062 1391 4128 cantuariensis
1428 4059 1920 4142 archiepiscopi
1953 4077 2035 4123 ac
2069 4060 2273 4140 regis,

412 4162 595 4226 omni
643 4162 1102 4245 appellatione
1153 4167 1435 4237 remota,
1490 4157 1877 4223 diffinirent.
1981 4158 2272 4221 Demum

413 4262 645 4325 multis
688 4261 1250 4344 promissionibus
1293 4277 1541 4342 papam
1588 4257 1861 4322 flectere
1916 4258 2272 4334 curabant,

411 4367 492 4424 ut
524 4361 1050 4426 consuetudines
1081 4359 1273 4442 regni
1301 4357 1576 4439 Angliae
1607 4364 1675 4420 et
1703 4356 2078 4432 libertateS,
2102 4376 2273 4438 quas

409 4478 539 4522 rex
573 4460 658 4522 ab
693 4479 825 4523 avo
857 4479 985 4523 suo
1013 4479 1176 4540 rege
1216 4457 1521 4522 Henrioo
1553 4461 1572 4491 ‘
1597 4453 1851 4519 avitas'
1884 4452 2276 4536 appellabat

408 4557 808 4639 dignitates,
826 4558 1224 4623 confirmare
1248 4564 1318 4620 et
1343 4556 1708 4620 clementer
1734 4552 2104 4619 concedere
2132 4550 2278 4633 dig-

1975 4682 2008 4718 x
2041 4674 2074 4719 2
