<?xml version="1.0" encoding="UTF-8"?>
<!DOCTYPE html PUBLIC "-//W3C//DTD XHTML 1.0 Transitional//EN"
    "http://www.w3.org/TR/xhtml1/DTD/xhtml1-transitional.dtd">
<html xmlns="http://www.w3.org/1999/xhtml" xml:lang="en" lang="en">
 <head>
  <title>
</title>
<meta http-equiv="Content-Type" content="text/html;charset=utf-8" />
  <meta name='ocr-system' content='tesseract 3.04.00' />
  <meta name='ocr-capabilities' content='ocr_page ocr_carea ocr_par ocr_line ocrx_word'/>
</head>
<body>
  <div class='ocr_page' id='page_1' title='image "./rogeridewendove00wendgoog_0249.png"; bbox 0 0 3457 5887; ppageno 0'>
   <div class='ocr_carea' id='block_1_1' title="bbox 892 845 2256 908">
    <p class='ocr_par' dir='ltr' id='par_1_1' title="bbox 892 845 2256 908">
     <span class='ocr_line' id='line_1_1' title="bbox 892 845 2256 908; baseline 0.004 -6"><span class='ocrx_word' id='word_1_1' title='bbox 892 856 1168 905; x_wconf 69' lang='lat' dir='ltr'>nonus</span> <span class='ocrx_word' id='word_1_2' title='bbox 1212 856 1743 906; x_wconf 70' lang='lat' dir='ltr'>msromAnuM.</span> <span class='ocrx_word' id='word_1_3' title='bbox 2125 845 2256 908; x_wconf 79' lang='lat'>245</span> 
     </span>
    </p>
   </div>
   <div class='ocr_carea' id='block_1_2' title="bbox 362 1013 2515 1296">
    <p class='ocr_par' dir='ltr' id='par_1_2' title="bbox 362 1013 2515 1296">
     <span class='ocr_line' id='line_1_2' title="bbox 368 1013 2515 1097; baseline -0.002 -20"><span class='ocrx_word' id='word_1_4' title='bbox 368 1013 837 1078; x_wconf 65' lang='lat' dir='ltr'>haereditatem</span> <span class='ocrx_word' id='word_1_5' title='bbox 889 1034 1086 1077; x_wconf 90' lang='lat' dir='ltr'>suam</span> <span class='ocrx_word' id='word_1_6' title='bbox 1130 1034 1217 1078; x_wconf 82' lang='lat' dir='ltr'>ex</span> <span class='ocrx_word' id='word_1_7' title='bbox 1263 1021 1458 1097; x_wconf 87' lang='lat' dir='ltr'>parte</span> <span class='ocrx_word' id='word_1_8' title='bbox 1500 1015 1739 1079; x_wconf 87' lang='lat' dir='ltr'>matris</span> <span class='ocrx_word' id='word_1_9' title='bbox 1790 1034 1961 1092; x_wconf 80' lang='lat' dir='ltr'>suae,</span> <span class='ocrx_word' id='word_1_10' title='bbox 2012 1025 2252 1080; x_wconf 89' lang='lat' dir='ltr'>contra</span> <span class='ocrx_word' id='word_1_11' title='bbox 2275 1037 2383 1077; x_wconf 61' lang='lat' dir='ltr'>Ab.</span> <span class='ocrx_word' id='word_1_12' title='bbox 2408 1034 2515 1074; x_wconf 69' lang='lat'>1142.</span> 
     </span>
     <span class='ocr_line' id='line_1_3' title="bbox 366 1113 2249 1197; baseline 0.002 -21"><span class='ocrx_word' id='word_1_13' title='bbox 366 1113 891 1197; x_wconf 87' lang='lat' dir='ltr'>prohibitionem</span> <span class='ocrx_word' id='word_1_14' title='bbox 941 1115 1125 1195; x_wconf 85' lang='lat' dir='ltr'>regis</span> <span class='ocrx_word' id='word_1_15' title='bbox 1173 1114 1616 1192; x_wconf 76' lang='lat' dir='ltr'><strong>Francorum,</strong></span> <span class='ocrx_word' id='word_1_16' title='bbox 1678 1115 1859 1179; x_wconf 91' lang='lat' dir='ltr'>unde</span> <span class='ocrx_word' id='word_1_17' title='bbox 1906 1115 2249 1180; x_wconf 79' lang='lat' dir='ltr'><strong>discordia</strong></span> 
     </span>
     <span class='ocr_line' id='line_1_4' title="bbox 362 1214 1859 1296; baseline 0.002 -20"><span class='ocrx_word' id='word_1_18' title='bbox 362 1214 542 1277; x_wconf 92' lang='lat' dir='ltr'>inter</span> <span class='ocrx_word' id='word_1_19' title='bbox 566 1215 787 1296; x_wconf 88' lang='lat' dir='ltr'>ipsum</span> <span class='ocrx_word' id='word_1_20' title='bbox 824 1233 1057 1295; x_wconf 86' lang='lat' dir='ltr'>regem</span> <span class='ocrx_word' id='word_1_21' title='bbox 1086 1222 1155 1278; x_wconf 91' lang='lat' dir='ltr'>et</span> <span class='ocrx_word' id='word_1_22' title='bbox 1189 1215 1504 1279; x_wconf 88' lang='lat' dir='ltr'>comitem</span> <span class='ocrx_word' id='word_1_23' title='bbox 1539 1223 1695 1277; x_wconf 92' lang='lat' dir='ltr'>orta</span> <span class='ocrx_word' id='word_1_24' title='bbox 1727 1221 1859 1281; x_wconf 90' lang='lat' dir='ltr'>est.</span> 
     </span>
    </p>
   </div>
   <div class='ocr_carea' id='block_1_3' title="bbox 244 1385 2518 3685">
    <p class='ocr_par' dir='ltr' id='par_1_3' title="bbox 244 1385 2518 3685">
     <span class='ocr_line' id='line_1_5' title="bbox 416 1385 2192 1472; baseline 0.001 -23"><span class='ocrx_word' id='word_1_25' title='bbox 416 1385 592 1465; x_wconf 73' lang='lat' dir='ltr'>Quod</span> <span class='ocrx_word' id='word_1_26' title='bbox 616 1408 722 1449; x_wconf 68' lang='lat' dir='ltr'>rea&gt;</span> <span class='ocrx_word' id='word_1_27' title='bbox 751 1386 1109 1450; x_wconf 72' lang='lat' dir='ltr'>Lodowious</span> <span class='ocrx_word' id='word_1_28' title='bbox 1143 1387 1301 1472; x_wconf 77' lang='lat' dir='ltr'>oepit</span> <span class='ocrx_word' id='word_1_29' title='bbox 1326 1386 1672 1472; x_wconf 68' lang='lat' dir='ltr'>Itomaqium</span> <span class='ocrx_word' id='word_1_30' title='bbox 1701 1385 1879 1450; x_wconf 74' lang='lat' dir='ltr'>ducis</span> <span class='ocrx_word' id='word_1_31' title='bbox 1907 1386 2192 1450; x_wconf 78' lang='lat' dir='ltr'>Honrici.</span> 
     </span>
     <span class='ocr_line' id='line_1_6' title="bbox 461 1509 2510 1577; baseline 0.001 -3"><span class='ocrx_word' id='word_1_32' title='bbox 461 1509 668 1574; x_wconf 86' lang='lat' dir='ltr'>Anno</span> <span class='ocrx_word' id='word_1_33' title='bbox 699 1511 978 1574; x_wconf 86' lang='lat' dir='ltr'>Domini</span> <span class='ocrx_word' id='word_1_34' title='bbox 1011 1527 1180 1574; x_wconf 72' lang='lat' dir='ltr'><strong>MGL.</strong></span> <span class='ocrx_word' id='word_1_35' title='bbox 1214 1531 1338 1574; x_wconf 79' lang='lat' dir='ltr'>rex</span> <span class='ocrx_word' id='word_1_36' title='bbox 1379 1510 1799 1574; x_wconf 81' lang='lat' dir='ltr'>Francorum</span> <span class='ocrx_word' id='word_1_37' title='bbox 1832 1510 2240 1576; x_wconf 89' lang='lat' dir='ltr'>Lodowicus</span> <span class='ocrx_word' id='word_1_38' title='bbox 2265 1535 2376 1575; x_wconf 64' lang='grc' dir='ltr'>ω).</span> <span class='ocrx_word' id='word_1_39' title='bbox 2398 1538 2510 1577; x_wconf 78' lang='lat' dir='ltr'>mo.</span> 
     </span>
     <span class='ocr_line' id='line_1_7' title="bbox 359 1586 2518 1693; baseline 0 -18"><span class='ocrx_word' id='word_1_40' title='bbox 359 1617 432 1675; x_wconf 88' lang='lat' dir='ltr'>et</span> <span class='ocrx_word' id='word_1_41' title='bbox 477 1604 922 1674; x_wconf 90' lang='lat' dir='ltr'>¹Eustachius</span> <span class='ocrx_word' id='word_1_42' title='bbox 963 1611 1143 1674; x_wconf 87' lang='lat' dir='ltr'>filius</span> <span class='ocrx_word' id='word_1_43' title='bbox 1194 1611 1377 1692; x_wconf 84' lang='lat' dir='ltr'>regis</span> <span class='ocrx_word' id='word_1_44' title='bbox 1416 1610 1752 1693; x_wconf 82' lang='lat' dir='ltr'>Stephani</span> <span class='ocrx_word' id='word_1_45' title='bbox 1797 1629 1950 1675; x_wconf 90' lang='lat' dir='ltr'>cum</span> <span class='ocrx_word' id='word_1_46' title='bbox 1994 1610 2240 1675; x_wconf 90' lang='lat' dir='ltr'>militia</span> <span class='ocrx_word' id='word_1_47' title='bbox 2263 1586 2518 1687; x_wconf 56' lang='lat' dir='ltr'>ssffly.</span> 
     </span>
     <span class='ocr_line' id='line_1_8' title="bbox 358 1708 2239 1793; baseline 0.001 -21"><span class='ocrx_word' id='word_1_48' title='bbox 358 1711 641 1793; x_wconf 88' lang='lat' dir='ltr'>copiosa</span> <span class='ocrx_word' id='word_1_49' title='bbox 671 1718 1002 1775; x_wconf 84' lang='lat' dir='ltr'>venerunt</span> <span class='ocrx_word' id='word_1_50' title='bbox 1060 1718 1221 1775; x_wconf 89' lang='lat' dir='ltr'>ante</span> <span class='ocrx_word' id='word_1_51' title='bbox 1261 1717 1517 1774; x_wconf 85' lang='lat' dir='ltr'>turrem</span> <span class='ocrx_word' id='word_1_52' title='bbox 1562 1710 1648 1774; x_wconf 90' lang='lat' dir='ltr'>de</span> <span class='ocrx_word' id='word_1_53' title='bbox 1680 1708 1932 1774; x_wconf 88' lang='lat' dir='ltr'>Archis</span> <span class='ocrx_word' id='word_1_54' title='bbox 1973 1712 2060 1774; x_wconf 89' lang='lat' dir='ltr'>ob</span> <span class='ocrx_word' id='word_1_55' title='bbox 2098 1710 2239 1774; x_wconf 90' lang='lat' dir='ltr'>dis-</span> 
     </span>
     <span class='ocr_line' id='line_1_9' title="bbox 355 1809 2238 1887; baseline 0 -14"><span class='ocrx_word' id='word_1_56' title='bbox 355 1809 659 1874; x_wconf 80' lang='lat' dir='ltr'>cordiam</span> <span class='ocrx_word' id='word_1_57' title='bbox 692 1818 1162 1887; x_wconf 82' lang='lat' dir='ltr'><strong>memoratam,</strong></span> <span class='ocrx_word' id='word_1_58' title='bbox 1193 1810 1311 1873; x_wconf 92' lang='lat' dir='ltr'>ubi</span> <span class='ocrx_word' id='word_1_59' title='bbox 1342 1811 1549 1874; x_wconf 87' lang='lat' dir='ltr'>etiam</span> <span class='ocrx_word' id='word_1_60' title='bbox 1595 1809 1817 1873; x_wconf 83' lang='lat' dir='ltr'>adsuit</span> <span class='ocrx_word' id='word_1_61' title='bbox 1858 1810 2002 1873; x_wconf 83' lang='lat' dir='ltr'>dux</span> <span class='ocrx_word' id='word_1_62' title='bbox 2051 1809 2238 1874; x_wconf 89' lang='lat' dir='ltr'>Nor-</span> 
     </span>
     <span class='ocr_line' id='line_1_10' title="bbox 353 1909 2235 1994; baseline 0.003 -24"><span class='ocrx_word' id='word_1_63' title='bbox 353 1910 646 1972; x_wconf 84' lang='lat' dir='ltr'>manniae</span> <span class='ocrx_word' id='word_1_64' title='bbox 661 1909 735 1971; x_wconf 91' lang='lat' dir='ltr'><strong>H</strong></span> <span class='ocrx_word' id='word_1_65' title='bbox 740 1911 1008 1974; x_wconf 89' lang='lat' dir='ltr'>enricus</span> <span class='ocrx_word' id='word_1_66' title='bbox 1019 1917 1090 1974; x_wconf 90' lang='lat' dir='ltr'>et</span> <span class='ocrx_word' id='word_1_67' title='bbox 1100 1917 1299 1992; x_wconf 89' lang='lat' dir='ltr'>pater</span> <span class='ocrx_word' id='word_1_68' title='bbox 1309 1909 1459 1994; x_wconf 86' lang='lat' dir='ltr'>ejus</span> <span class='ocrx_word' id='word_1_69' title='bbox 1470 1928 1696 1974; x_wconf 89' lang='lat' dir='ltr'>comes</span> <span class='ocrx_word' id='word_1_70' title='bbox 1708 1909 2235 1991; x_wconf 83' lang='lat' dir='ltr'>Andegavensis</span> 
     </span>
     <span class='ocr_line' id='line_1_11' title="bbox 354 2007 2231 2091; baseline 0.001 -20"><span class='ocrx_word' id='word_1_71' title='bbox 354 2007 733 2072; x_wconf 83' lang='lat' dir='ltr'>Gausridus</span> <span class='ocrx_word' id='word_1_72' title='bbox 768 2028 925 2072; x_wconf 90' lang='lat' dir='ltr'>cum</span> <span class='ocrx_word' id='word_1_73' title='bbox 966 2009 1229 2091; x_wconf 82' lang='lat' dir='ltr'>ingenti</span> <span class='ocrx_word' id='word_1_74' title='bbox 1272 2010 1578 2073; x_wconf 80' lang='lat' dir='ltr'>exercitu</span> <span class='ocrx_word' id='word_1_75' title='bbox 1605 2007 2231 2091; x_wconf 83' lang='lat' dir='ltr'>Andegavensium‚</span> 
     </span>
     <span class='ocr_line' id='line_1_12' title="bbox 353 2107 2232 2188; baseline 0.002 -17"><span class='ocrx_word' id='word_1_76' title='bbox 353 2109 721 2172; x_wconf 90' lang='lat' dir='ltr'>Britonum</span> <span class='ocrx_word' id='word_1_77' title='bbox 766 2116 835 2171; x_wconf 88' lang='lat' dir='ltr'>et</span> <span class='ocrx_word' id='word_1_78' title='bbox 880 2107 1478 2188; x_wconf 83' lang='lat' dir='ltr'>Normannorum3</span> <span class='ocrx_word' id='word_1_79' title='bbox 1541 2107 1661 2172; x_wconf 88' lang='lat' dir='ltr'>sed</span> <span class='ocrx_word' id='word_1_80' title='bbox 1715 2108 2018 2173; x_wconf 84' lang='lat' dir='ltr'>videntes</span> <span class='ocrx_word' id='word_1_81' title='bbox 2061 2110 2232 2174; x_wconf 87' lang='lat' dir='ltr'>utri-</span> 
     </span>
     <span class='ocr_line' id='line_1_13' title="bbox 352 2207 2230 2290; baseline 0.001 -20"><span class='ocrx_word' id='word_1_82' title='bbox 352 2226 575 2289; x_wconf 82' lang='lat' dir='ltr'>usque</span> <span class='ocrx_word' id='word_1_83' title='bbox 623 2208 840 2289; x_wconf 87' lang='lat' dir='ltr'>partis</span> <span class='ocrx_word' id='word_1_84' title='bbox 896 2208 1257 2290; x_wconf 87' lang='lat' dir='ltr'>principes,</span> <span class='ocrx_word' id='word_1_85' title='bbox 1308 2207 1491 2290; x_wconf 88' lang='lat' dir='ltr'>quod</span> <span class='ocrx_word' id='word_1_86' title='bbox 1542 2207 1848 2288; x_wconf 82' lang='lat' dir='ltr'>legiones</span> <span class='ocrx_word' id='word_1_87' title='bbox 1898 2208 2062 2271; x_wconf 89' lang='lat' dir='ltr'>illuc</span> <span class='ocrx_word' id='word_1_88' title='bbox 2113 2228 2230 2272; x_wconf 90' lang='lat' dir='ltr'>ne-</span> 
     </span>
     <span class='ocr_line' id='line_1_14' title="bbox 352 2305 2233 2389; baseline 0.001 -19"><span class='ocrx_word' id='word_1_89' title='bbox 352 2307 643 2389; x_wconf 81' lang='lat' dir='ltr'>quibant</span> <span class='ocrx_word' id='word_1_90' title='bbox 679 2306 825 2370; x_wconf 88' lang='lat' dir='ltr'>sine</span> <span class='ocrx_word' id='word_1_91' title='bbox 863 2326 1116 2389; x_wconf 84' lang='lat' dir='ltr'>magna</span> <span class='ocrx_word' id='word_1_92' title='bbox 1154 2306 1510 2389; x_wconf 85' lang='lat' dir='ltr'>sanguinis</span> <span class='ocrx_word' id='word_1_93' title='bbox 1538 2306 1865 2370; x_wconf 86' lang='lat' dir='ltr'>effusione</span> <span class='ocrx_word' id='word_1_94' title='bbox 1894 2305 2233 2371; x_wconf 86' lang='lat' dir='ltr'>hostiliter</span> 
     </span>
     <span class='ocr_line' id='line_1_15' title="bbox 352 2406 2229 2488; baseline 0 -18"><span class='ocrx_word' id='word_1_95' title='bbox 352 2406 739 2483; x_wconf 84' lang='lat' dir='ltr'>convenire,</span> <span class='ocrx_word' id='word_1_96' title='bbox 783 2414 1143 2488; x_wconf 81' lang='lat' dir='ltr'>coeperunt</span> <span class='ocrx_word' id='word_1_97' title='bbox 1186 2406 1272 2470; x_wconf 90' lang='lat' dir='ltr'>de</span> <span class='ocrx_word' id='word_1_98' title='bbox 1313 2425 1484 2488; x_wconf 90' lang='lat' dir='ltr'>pace</span> <span class='ocrx_word' id='word_1_99' title='bbox 1529 2413 1851 2483; x_wconf 84' lang='lat' dir='ltr'>tractare,</span> <span class='ocrx_word' id='word_1_100' title='bbox 1894 2413 1988 2483; x_wconf 89' lang='lat' dir='ltr'>et,</span> <span class='ocrx_word' id='word_1_101' title='bbox 2015 2406 2229 2470; x_wconf 88' lang='lat' dir='ltr'>inter-</span> 
     </span>
     <span class='ocr_line' id='line_1_16' title="bbox 346 2506 2228 2589; baseline 0 -20"><span class='ocrx_word' id='word_1_102' title='bbox 346 2506 775 2570; x_wconf 79' lang='lat' dir='ltr'>venientibus</span> <span class='ocrx_word' id='word_1_103' title='bbox 838 2514 1279 2589; x_wconf 89' lang='lat' dir='ltr'>utrorumque</span> <span class='ocrx_word' id='word_1_104' title='bbox 1328 2507 1589 2583; x_wconf 86' lang='lat' dir='ltr'>amicis,</span> <span class='ocrx_word' id='word_1_105' title='bbox 1635 2525 1763 2570; x_wconf 84' lang='lat' dir='ltr'>rex</span> <span class='ocrx_word' id='word_1_106' title='bbox 1809 2506 2228 2570; x_wconf 86' lang='lat' dir='ltr'>Francorum</span> 
     </span>
     <span class='ocr_line' id='line_1_17' title="bbox 344 2604 2225 2687; baseline 0.002 -20"><span class='ocrx_word' id='word_1_107' title='bbox 344 2606 526 2687; x_wconf 87' lang='lat' dir='ltr'>cepit</span> <span class='ocrx_word' id='word_1_108' title='bbox 570 2605 963 2687; x_wconf 82' lang='lat' dir='ltr'>homagium</span> <span class='ocrx_word' id='word_1_109' title='bbox 1002 2605 1194 2670; x_wconf 88' lang='lat' dir='ltr'>ducis</span> <span class='ocrx_word' id='word_1_110' title='bbox 1226 2604 1516 2669; x_wconf 88' lang='lat' dir='ltr'>Henrici</span> <span class='ocrx_word' id='word_1_111' title='bbox 1549 2606 1634 2669; x_wconf 92' lang='lat' dir='ltr'>de</span> <span class='ocrx_word' id='word_1_112' title='bbox 1666 2605 2119 2682; x_wconf 89' lang='lat' dir='ltr'>Normannia,</span> <span class='ocrx_word' id='word_1_113' title='bbox 2154 2613 2225 2670; x_wconf 88' lang='lat' dir='ltr'>et</span> 
     </span>
     <span class='ocr_line' id='line_1_18' title="bbox 343 2704 2221 2787; baseline 0.001 -20"><span class='ocrx_word' id='word_1_114' title='bbox 343 2704 443 2768; x_wconf 88' lang='lat' dir='ltr'>sic</span> <span class='ocrx_word' id='word_1_115' title='bbox 487 2705 770 2786; x_wconf 88' lang='lat' dir='ltr'>pacifice</span> <span class='ocrx_word' id='word_1_116' title='bbox 814 2713 1265 2770; x_wconf 90' lang='lat' dir='ltr'>recesserunt.</span> <span class='ocrx_word' id='word_1_117' title='bbox 1378 2706 1548 2769; x_wconf 84' lang='lat' dir='ltr'>Dux</span> <span class='ocrx_word' id='word_1_118' title='bbox 1592 2705 1807 2787; x_wconf 84' lang='lat' dir='ltr'>igitur</span> <span class='ocrx_word' id='word_1_119' title='bbox 1850 2706 2221 2783; x_wconf 74' lang='lat' dir='ltr'>Henricu8‚</span> 
     </span>
     <span class='ocr_line' id='line_1_19' title="bbox 341 2804 2221 2887; baseline 0 -20"><span class='ocrx_word' id='word_1_120' title='bbox 341 2804 504 2868; x_wconf 90' lang='lat' dir='ltr'>dum</span> <span class='ocrx_word' id='word_1_121' title='bbox 560 2812 890 2869; x_wconf 85' lang='lat' dir='ltr'>tractaret</span> <span class='ocrx_word' id='word_1_122' title='bbox 948 2825 1102 2869; x_wconf 90' lang='lat' dir='ltr'>cum</span> <span class='ocrx_word' id='word_1_123' title='bbox 1150 2805 1596 2887; x_wconf 86' lang='lat' dir='ltr'>optimatibus</span> <span class='ocrx_word' id='word_1_124' title='bbox 1647 2806 1791 2868; x_wconf 85' lang='lat' dir='ltr'>suis</span> <span class='ocrx_word' id='word_1_125' title='bbox 1843 2806 1927 2868; x_wconf 90' lang='lat' dir='ltr'>de</span> <span class='ocrx_word' id='word_1_126' title='bbox 1978 2806 2221 2869; x_wconf 87' lang='lat' dir='ltr'>itinere</span> 
     </span>
     <span class='ocr_line' id='line_1_20' title="bbox 338 2903 2222 2990; baseline 0.001 -23"><span class='ocrx_word' id='word_1_127' title='bbox 338 2923 469 2968; x_wconf 91' lang='lat' dir='ltr'>suo</span> <span class='ocrx_word' id='word_1_128' title='bbox 522 2905 593 2968; x_wconf 90' lang='lat' dir='ltr'>in</span> <span class='ocrx_word' id='word_1_129' title='bbox 644 2903 997 2988; x_wconf 87' lang='lat' dir='ltr'>Angliam,</span> <span class='ocrx_word' id='word_1_130' title='bbox 1041 2913 1240 2990; x_wconf 88' lang='lat' dir='ltr'>pater</span> <span class='ocrx_word' id='word_1_131' title='bbox 1284 2905 1436 2990; x_wconf 86' lang='lat' dir='ltr'>ejus</span> <span class='ocrx_word' id='word_1_132' title='bbox 1479 2903 1661 2987; x_wconf 88' lang='lat' dir='ltr'>apud</span> <span class='ocrx_word' id='word_1_133' title='bbox 1707 2912 2010 2970; x_wconf 86' lang='lat' dir='ltr'>castrum</span> <span class='ocrx_word' id='word_1_134' title='bbox 2061 2903 2222 2969; x_wconf 89' lang='lat' dir='ltr'>Leri</span> 
     </span>
     <span class='ocr_line' id='line_1_21' title="bbox 338 3003 2218 3088; baseline -0.001 -19"><span class='ocrx_word' id='word_1_135' title='bbox 338 3005 650 3085; x_wconf 83' lang='lat' dir='ltr'>graviter</span> <span class='ocrx_word' id='word_1_136' title='bbox 699 3005 1083 3068; x_wconf 86' lang='lat' dir='ltr'>infirmatus</span> <span class='ocrx_word' id='word_1_137' title='bbox 1133 3006 1425 3088; x_wconf 89' lang='lat' dir='ltr'>septimo</span> <span class='ocrx_word' id='word_1_138' title='bbox 1468 3005 1623 3069; x_wconf 86' lang='lat' dir='ltr'>idus</span> <span class='ocrx_word' id='word_1_139' title='bbox 1666 3003 2086 3087; x_wconf 86' lang='lat' dir='ltr'>Septembris</span> <span class='ocrx_word' id='word_1_140' title='bbox 2130 3006 2218 3068; x_wconf 92' lang='lat' dir='ltr'>ab</span> 
     </span>
     <span class='ocr_line' id='line_1_22' title="bbox 335 3103 2219 3188; baseline 0.001 -22"><span class='ocrx_word' id='word_1_141' title='bbox 335 3104 474 3168; x_wconf 85' lang='lat' dir='ltr'>hac</span> <span class='ocrx_word' id='word_1_142' title='bbox 526 3105 672 3169; x_wconf 85' lang='lat' dir='ltr'>vita</span> <span class='ocrx_word' id='word_1_143' title='bbox 727 3105 1074 3186; x_wconf 86' lang='lat' dir='ltr'>migravit,</span> <span class='ocrx_word' id='word_1_144' title='bbox 1139 3112 1209 3169; x_wconf 90' lang='lat' dir='ltr'>et</span> <span class='ocrx_word' id='word_1_145' title='bbox 1266 3106 1365 3169; x_wconf 88' lang='lat' dir='ltr'>sic</span> <span class='ocrx_word' id='word_1_146' title='bbox 1420 3103 1768 3168; x_wconf 78' lang='lat' dir='ltr'>Hem-icus</span> <span class='ocrx_word' id='word_1_147' title='bbox 1825 3105 2007 3168; x_wconf 86' lang='lat' dir='ltr'>filius</span> <span class='ocrx_word' id='word_1_148' title='bbox 2069 3104 2219 3188; x_wconf 88' lang='lat' dir='ltr'>ejus</span> 
     </span>
     <span class='ocr_line' id='line_1_23' title="bbox 333 3203 2217 3287; baseline -0.001 -20"><span class='ocrx_word' id='word_1_149' title='bbox 333 3204 567 3268; x_wconf 85' lang='lat' dir='ltr'>factus</span> <span class='ocrx_word' id='word_1_150' title='bbox 624 3211 730 3268; x_wconf 90' lang='lat' dir='ltr'>est</span> <span class='ocrx_word' id='word_1_151' title='bbox 789 3224 1014 3269; x_wconf 85' lang='lat' dir='ltr'>comes</span> <span class='ocrx_word' id='word_1_152' title='bbox 1062 3203 1667 3287; x_wconf 84' lang='lat' dir='ltr'>Andegavensium</span> <span class='ocrx_word' id='word_1_153' title='bbox 1722 3212 1791 3267; x_wconf 92' lang='lat' dir='ltr'>et</span> <span class='ocrx_word' id='word_1_154' title='bbox 1837 3204 1984 3268; x_wconf 84' lang='lat' dir='ltr'>dux</span> <span class='ocrx_word' id='word_1_155' title='bbox 2033 3203 2217 3267; x_wconf 83' lang='lat' dir='ltr'>Nor-</span> 
     </span>
     <span class='ocr_line' id='line_1_24' title="bbox 328 3302 2214 3381; baseline 0 -14"><span class='ocrx_word' id='word_1_156' title='bbox 328 3322 768 3367; x_wconf 88' lang='lat' dir='ltr'>mannorum.</span> <span class='ocrx_word' id='word_1_157' title='bbox 871 3304 1130 3368; x_wconf 88' lang='lat' dir='ltr'>Eodem</span> <span class='ocrx_word' id='word_1_158' title='bbox 1181 3323 1361 3367; x_wconf 89' lang='lat' dir='ltr'>anno</span> <span class='ocrx_word' id='word_1_159' title='bbox 1407 3302 1775 3381; x_wconf 77' lang='lat' dir='ltr'>Radulqu,</span> <span class='ocrx_word' id='word_1_160' title='bbox 1836 3305 2049 3367; x_wconf 90' lang='lat' dir='ltr'>abbas</span> <span class='ocrx_word' id='word_1_161' title='bbox 2103 3323 2214 3367; x_wconf 90' lang='lat' dir='ltr'>ec-</span> 
     </span>
     <span class='ocr_line' id='line_1_25' title="bbox 244 3401 2212 3485; baseline -0.001 -19"><span class='ocrx_word' id='word_1_162' title='bbox 244 3446 255 3455; x_wconf 85' lang='lat'><em>·</em></span> <span class='ocrx_word' id='word_1_163' title='bbox 328 3403 566 3467; x_wconf 83' lang='lat' dir='ltr'>clesiae</span> <span class='ocrx_word' id='word_1_164' title='bbox 641 3404 864 3467; x_wconf 88' lang='lat' dir='ltr'>sancti</span> <span class='ocrx_word' id='word_1_165' title='bbox 924 3401 1202 3481; x_wconf 87' lang='lat' dir='ltr'>Albani,</span> <span class='ocrx_word' id='word_1_166' title='bbox 1276 3403 1596 3467; x_wconf 89' lang='lat' dir='ltr'>decidens</span> <span class='ocrx_word' id='word_1_167' title='bbox 1668 3404 1742 3466; x_wconf 89' lang='lat' dir='ltr'>in</span> <span class='ocrx_word' id='word_1_168' title='bbox 1813 3403 2212 3485; x_wconf 83' lang='lat' dir='ltr'>languorem</span> 
     </span>
     <span class='ocr_line' id='line_1_26' title="bbox 328 3496 2207 3586; baseline -0.001 -20"><span class='ocrx_word' id='word_1_169' title='bbox 328 3496 757 3567; x_wconf 87' lang='lat' dir='ltr'>Robertum²</span> <span class='ocrx_word' id='word_1_170' title='bbox 801 3503 886 3566; x_wconf 90' lang='lat' dir='ltr'>de</span> <span class='ocrx_word' id='word_1_171' title='bbox 927 3501 1297 3579; x_wconf 86' lang='lat' dir='ltr'>Goreham,</span> <span class='ocrx_word' id='word_1_172' title='bbox 1342 3503 1637 3586; x_wconf 90' lang='lat' dir='ltr'>priorem</span> <span class='ocrx_word' id='word_1_173' title='bbox 1687 3503 1993 3567; x_wconf 83' lang='lat' dir='ltr'>ecclesiae</span> <span class='ocrx_word' id='word_1_174' title='bbox 2040 3521 2207 3579; x_wconf 83' lang='lat' dir='ltr'>suae,</span> 
     </span>
     <span class='ocr_line' id='line_1_27' title="bbox 323 3602 2204 3685; baseline 0.001 -21"><span class='ocrx_word' id='word_1_175' title='bbox 323 3621 531 3665; x_wconf 91' lang='lat' dir='ltr'>suum</span> <span class='ocrx_word' id='word_1_176' title='bbox 561 3609 1070 3685; x_wconf 89' lang='lat' dir='ltr'>procuratorem</span> <span class='ocrx_word' id='word_1_177' title='bbox 1103 3602 1460 3666; x_wconf 87' lang='lat' dir='ltr'>coustituit</span> <span class='ocrx_word' id='word_1_178' title='bbox 1502 3622 1626 3685; x_wconf 92' lang='lat' dir='ltr'>per</span> <span class='ocrx_word' id='word_1_179' title='bbox 1668 3602 2024 3666; x_wconf 85' lang='lat' dir='ltr'>consilium</span> <span class='ocrx_word' id='word_1_180' title='bbox 2046 3621 2204 3666; x_wconf 90' lang='lat' dir='ltr'>con-</span> 
     </span>
    </p>
   </div>
   <div class='ocr_carea' id='block_1_4' title="bbox 324 3701 1661 3942">
    <p class='ocr_par' dir='ltr' id='par_1_4' title="bbox 324 3701 1661 3942">
     <span class='ocr_line' id='line_1_28' title="bbox 324 3701 1661 3780; baseline -0.001 -14"><span class='ocrx_word' id='word_1_181' title='bbox 324 3710 602 3780; x_wconf 75' lang='lat' dir='ltr'>ventuS,</span> <span class='ocrx_word' id='word_1_182' title='bbox 634 3710 704 3766; x_wconf 90' lang='lat' dir='ltr'>et</span> <span class='ocrx_word' id='word_1_183' title='bbox 734 3701 947 3766; x_wconf 87' lang='lat' dir='ltr'>totius</span> <span class='ocrx_word' id='word_1_184' title='bbox 981 3702 1272 3766; x_wconf 64' lang='lat' dir='ltr'>abbatiae</span> <span class='ocrx_word' id='word_1_185' title='bbox 1306 3709 1661 3766; x_wconf 90' lang='lat' dir='ltr'>rectorem.</span> 
     </span>
     <span class='ocr_line' id='line_1_29' title="bbox 886 3876 1649 3942; baseline -0.001 -3"><span class='ocrx_word' id='word_1_186' title='bbox 886 3877 988 3942; x_wconf 80' lang='lat' dir='ltr'>Do</span> <span class='ocrx_word' id='word_1_187' title='bbox 1013 3876 1308 3940; x_wconf 70' lang='lat' dir='ltr'>ltaereticis</span> <span class='ocrx_word' id='word_1_188' title='bbox 1334 3876 1649 3940; x_wconf 69' lang='lat' dir='ltr'>Assisinis.</span> 
     </span>
    </p>
   </div>
   <div class='ocr_carea' id='block_1_5' title="bbox 416 3997 2488 4103">
    <p class='ocr_par' dir='ltr' id='par_1_5' title="bbox 416 3997 2488 4103">
     <span class='ocr_line' id='line_1_30' title="bbox 416 3997 2488 4103; baseline -0.004 -38"><span class='ocrx_word' id='word_1_189' title='bbox 416 4000 686 4065; x_wconf 89' lang='lat' dir='ltr'>Eodem</span> <span class='ocrx_word' id='word_1_190' title='bbox 716 4020 901 4065; x_wconf 89' lang='lat' dir='ltr'>anno</span> <span class='ocrx_word' id='word_1_191' title='bbox 934 3999 1388 4077; x_wconf 88' lang='lat' dir='ltr'>Reimundus,</span> <span class='ocrx_word' id='word_1_192' title='bbox 1434 4019 1662 4064; x_wconf 89' lang='lat' dir='ltr'>comes</span> <span class='ocrx_word' id='word_1_193' title='bbox 1705 3997 2206 4081; x_wconf 88' lang='lat' dir='ltr'>Tripolitanus,</span> <span class='ocrx_word' id='word_1_194' title='bbox 2233 4012 2488 4103; x_wconf 47' lang='lat' dir='ltr'>affl</span> 
     </span>
    </p>
   </div>
   <div class='ocr_carea' id='block_1_6' title="bbox 317 4095 2334 4484">
    <p class='ocr_par' dir='ltr' id='par_1_6' title="bbox 317 4095 2334 4484">
     <span class='ocr_line' id='line_1_31' title="bbox 318 4095 2334 4184; baseline -0.007 -18"><span class='ocrx_word' id='word_1_195' title='bbox 318 4103 426 4166; x_wconf 87' lang='lat' dir='ltr'>vir</span> <span class='ocrx_word' id='word_1_196' title='bbox 498 4108 742 4184; x_wconf 89' lang='lat' dir='ltr'>potens</span> <span class='ocrx_word' id='word_1_197' title='bbox 790 4108 860 4165; x_wconf 91' lang='lat' dir='ltr'>et</span> <span class='ocrx_word' id='word_1_198' title='bbox 916 4102 988 4164; x_wconf 89' lang='lat' dir='ltr'>in</span> <span class='ocrx_word' id='word_1_199' title='bbox 1044 4100 1251 4165; x_wconf 87' lang='lat' dir='ltr'>armis</span> <span class='ocrx_word' id='word_1_200' title='bbox 1317 4108 1662 4177; x_wconf 87' lang='lat' dir='ltr'>strenuus,</span> <span class='ocrx_word' id='word_1_201' title='bbox 1725 4099 1813 4161; x_wconf 90' lang='lat' dir='ltr'>ab</span> <span class='ocrx_word' id='word_1_202' title='bbox 1875 4095 2207 4160; x_wconf 85' lang='lat' dir='ltr'>Assisims</span> <span class='ocrx_word' id='word_1_203' title='bbox 2233 4112 2334 4152; x_wconf 70' lang='lat' dir='ltr'>nm..</span> 
     </span>
     <span class='ocr_line' id='line_1_32' title="bbox 317 4200 2206 4283; baseline -0.003 -18"><span class='ocrx_word' id='word_1_204' title='bbox 317 4201 726 4266; x_wconf 83' lang='lat' dir='ltr'>interfectus</span> <span class='ocrx_word' id='word_1_205' title='bbox 803 4208 949 4280; x_wconf 83' lang='lat' dir='ltr'>est3</span> <span class='ocrx_word' id='word_1_206' title='bbox 1051 4200 1472 4283; x_wconf 82' lang='lat' dir='ltr'>planxerunt</span> <span class='ocrx_word' id='word_1_207' title='bbox 1541 4206 1772 4263; x_wconf 89' lang='lat' dir='ltr'>autem</span> <span class='ocrx_word' id='word_1_208' title='bbox 1850 4216 2005 4260; x_wconf 91' lang='lat' dir='ltr'>eum</span> <span class='ocrx_word' id='word_1_209' title='bbox 2082 4215 2206 4259; x_wconf 84' lang='lat' dir='ltr'>rex</span> 
     </span>
     <span class='ocr_line' id='line_1_33' title="bbox 320 4293 2206 4379; baseline -0.004 -15"><span class='ocrx_word' id='word_1_210' title='bbox 320 4301 773 4365; x_wconf 87' lang='lat' dir='ltr'>Hierusalem</span> <span class='ocrx_word' id='word_1_211' title='bbox 840 4300 1280 4364; x_wconf 86' lang='lat' dir='ltr'>Baldewinus</span> <span class='ocrx_word' id='word_1_212' title='bbox 1340 4308 1409 4363; x_wconf 91' lang='lat' dir='ltr'>et</span> <span class='ocrx_word' id='word_1_213' title='bbox 1467 4306 1668 4363; x_wconf 80' lang='lat' dir='ltr'>terrae</span> <span class='ocrx_word' id='word_1_214' title='bbox 1735 4293 2206 4379; x_wconf 87' lang='lat' dir='ltr'>promissionis</span> 
     </span>
     <span class='ocr_line' id='line_1_34' title="bbox 318 4393 2206 4484; baseline -0.005 -20"><span class='ocrx_word' id='word_1_215' title='bbox 318 4401 623 4484; x_wconf 88' lang='lat' dir='ltr'>populus</span> <span class='ocrx_word' id='word_1_216' title='bbox 682 4401 1067 4477; x_wconf 86' lang='lat' dir='ltr'>universus,</span> <span class='ocrx_word' id='word_1_217' title='bbox 1124 4408 1203 4465; x_wconf 90' lang='lat' dir='ltr'>ut</span> <span class='ocrx_word' id='word_1_218' title='bbox 1257 4400 1376 4483; x_wconf 90' lang='lat' dir='ltr'>qui</span> <span class='ocrx_word' id='word_1_219' title='bbox 1435 4407 1584 4462; x_wconf 91' lang='lat' dir='ltr'>erat</span> <span class='ocrx_word' id='word_1_220' title='bbox 1629 4395 1833 4462; x_wconf 83' lang='lat' dir='ltr'>valde</span> <span class='ocrx_word' id='word_1_221' title='bbox 1885 4393 2206 4458; x_wconf 73' lang='lat' dir='ltr'>sormida-</span> 
     </span>
    </p>
   </div>
   <div class='ocr_carea' id='block_1_7' title="bbox 316 4570 2207 4716">
    <p class='ocr_par' dir='ltr' id='par_1_7' title="bbox 316 4570 2207 4716">
     <span class='ocr_line' id='line_1_35' title="bbox 391 4570 2207 4650; baseline -0.006 -18"><span class='ocrx_word' id='word_1_222' title='bbox 391 4581 405 4610; x_wconf 82' lang='lat'>¹</span> <span class='ocrx_word' id='word_1_223' title='bbox 428 4578 762 4650; x_wconf 58' lang='lat' dir='ltr'>Eustachium]</span> <span class='ocrx_word' id='word_1_224' title='bbox 789 4584 1036 4646; x_wconf 84' lang='lat' dir='ltr'>Compare</span> <span class='ocrx_word' id='word_1_225' title='bbox 1052 4583 1238 4634; x_wconf 86' lang='lat' dir='ltr'>Chrou.</span> <span class='ocrx_word' id='word_1_226' title='bbox 1363 4578 1384 4611; x_wconf 82' lang='lat'><strong>¹</strong></span> <span class='ocrx_word' id='word_1_227' title='bbox 1403 4580 1664 4629; x_wconf 72' lang='lat' dir='ltr'>Robertnm</span> <span class='ocrx_word' id='word_1_228' title='bbox 1694 4579 1753 4625; x_wconf 76' lang='lat' dir='ltr'>de</span> <span class='ocrx_word' id='word_1_229' title='bbox 1779 4570 2063 4642; x_wconf 62' lang='lat' dir='ltr'>Gon-eham]</span> <span class='ocrx_word' id='word_1_230' title='bbox 2114 4574 2207 4622; x_wconf 81' lang='lat' dir='ltr'>See</span> 
     </span>
     <span class='ocr_line' id='line_1_36' title="bbox 316 4651 1839 4716; baseline -0.006 -12"><span class='ocrx_word' id='word_1_231' title='bbox 316 4655 366 4703; x_wconf 85' lang='lat' dir='ltr'>N</span> <span class='ocrx_word' id='word_1_232' title='bbox 373 4668 567 4704; x_wconf 78' lang='lat' dir='ltr'>erman.</span> <span class='ocrx_word' id='word_1_233' title='bbox 591 4669 643 4716; x_wconf 84' lang='lat' dir='ltr'>p.</span> <span class='ocrx_word' id='word_1_234' title='bbox 665 4657 780 4704; x_wconf 73' lang='lat'>984.</span> <span class='ocrx_word' id='word_1_235' title='bbox 1297 4652 1478 4713; x_wconf 76' lang='lat' dir='ltr'>below,</span> <span class='ocrx_word' id='word_1_236' title='bbox 1501 4666 1552 4713; x_wconf 88' lang='lat' dir='ltr'>p.</span> <span class='ocrx_word' id='word_1_237' title='bbox 1576 4652 1693 4710; x_wconf 71' lang='lat'>249,</span> <span class='ocrx_word' id='word_1_238' title='bbox 1714 4651 1839 4695; x_wconf 75' lang='lat' dir='ltr'>note.</span> 
     </span>
    </p>
   </div>
   <div class='ocr_carea' id='block_1_8' title="bbox 1106 4528 1399 4535">
    <p class='ocr_par' dir='ltr' id='par_1_8' title="bbox 1106 4528 1399 4535">
     <span class='ocr_line' id='line_1_37' title="bbox 1106 4528 1399 4535; baseline 0 1352"><span class='ocrx_word' id='word_1_239' title='bbox 1106 4528 1399 4535; x_wconf 95' lang='lat' dir='ltr'> </span> 
     </span>
    </p>
   </div>
   <div class='ocr_carea' id='block_1_9' title="bbox 420 4529 801 4541">
    <p class='ocr_par' dir='ltr' id='par_1_9' title="bbox 420 4529 801 4541">
     <span class='ocr_line' id='line_1_38' title="bbox 420 4529 801 4541; baseline 0 0"><span class='ocrx_word' id='word_1_240' title='bbox 420 4529 801 4541; x_wconf 95' lang='lat' dir='ltr'> </span> 
     </span>
    </p>
   </div>
  </div>
 </body>
</html>
