3457 5887
1203 828 1336 894 278
1693 844 1961 893 uocum
2008 843 2103 891 nn
2147 842 2560 893 wunnovnn

890 1018 1131 1110 gig-opu·
1208 1006 1443 1087 itaque
1468 1003 1885 1088 aliquamdiu
1916 1003 2342 1085 poenitentiae
2372 1022 2517 1067 suae
2537 1001 2913 1085 proposito,
2942 999 3080 1063 iter

892 1122 935 1160 s.
949 1117 1122 1160 wumv-
1213 1104 1489 1169 tandem
1532 1102 2078 1186 praa-meditatum
2120 1101 2434 1186 arripuit,
2476 1109 2557 1167 ut
2594 1101 2684 1165 ad
2717 1100 3083 1165 wlfricum

1213 1204 1349 1269 Dei
1381 1203 1670 1267 amicum
1699 1204 1988 1280 veniret,
2020 1210 2114 1279 et,
2142 1209 2495 1267 transacto
2520 1201 2732 1284 longo
2761 1201 2897 1265 viae
2923 1218 3084 1281 spa-

1213 1305 1337 1380 tio,
1368 1304 1455 1367 ad
1489 1303 1741 1367 vadum
1774 1301 2046 1386 quidem
2079 1302 2268 1366 illius
2303 1301 2628 1378 fluminis,
2662 1300 2847 1383 quod
2879 1306 3085 1363 extra

1216 1402 1715 1485 Heselbergam
1751 1401 1959 1466 situm
2004 1410 2134 1479 est,
2166 1402 2482 1478 accessit,
2518 1401 2651 1464 iter
2687 1419 2891 1463 suum
2937 1398 3084 1462 Do·

1218 1503 1403 1567 mino
1449 1509 1939 1585 prosperante3
1997 1499 2106 1566 vir
2153 1508 2383 1565 autem
2430 1498 2572 1577 ifle,
2628 1518 2786 1563 cum
2830 1498 3084 1561 vadum

1218 1602 1463 1666 fuisset
1497 1602 1851 1683 ingressus
1886 1607 1958 1665 et
1994 1600 2080 1664 de
2116 1601 2302 1664 beati
2330 1598 2605 1664 Wlfrici
2637 1598 3087 1662 subventione

1220 1720 1409 1784 spem
1442 1708 1699 1765 certam
1732 1700 2180 1784 concepisset,
2212 1699 2609 1783 supervenit
2638 1697 2954 1762 diabolus
2986 1698 3089 1760 ira

1220 1801 1419 1883 gravi
1455 1819 1849 1877 succensae,
1886 1806 1960 1864 et
1986 1817 2230 1864 manus
2263 1800 2338 1863 in
2382 1797 2723 1863 hominem
2753 1796 3090 1861 violentas

1224 1899 1597 1964 immittens
1640 1898 1991 1963 infremuit
2052 1907 2123 1963 et
2171 1898 2295 1975 ait,
2353 1903 2374 1933 ‘
2408 1896 2596 1977 Quid
2648 1895 2800 1974 est,’
2848 1896 3091 1979 inquit,

1227 2004 1249 2035 ‘
1271 1998 1602 2082 proditor,
1639 1998 1823 2081 quod
1856 1997 2083 2063 facere
2114 1997 2393 2063 voluisti
2421 1999 2451 2061 ’1
2501 1996 2776 2063 Moliris
2816 2004 3090 2078 pactum

1227 2106 1538 2162 nostrum
1585 2098 1985 2176 dissolvere,
2037 2097 2156 2162 sed
2214 2097 2492 2173 frustra,
2538 2097 2709 2178 quia
2764 2094 3092 2179 proditio·

1227 2197 1362 2275 nis,
1403 2216 1545 2280 qua
1583 2197 1748 2263 olim
1791 2197 1945 2262 Deo
1987 2197 2391 2261 renuntiasti
2423 2203 2495 2261 et
2525 2214 2665 2279 qua
2707 2214 2894 2259 nunc
2935 2193 3094 2257 mibi

1230 2297 1623 2362 renuntiare
1682 2296 1971 2379 cogitas,
2025 2297 2292 2361 solvere
2335 2314 2576 2379 poenas
2619 2295 2823 2359 modo
2872 2295 3097 2370 debes,

1233 2397 1399 2481 quia
1431 2396 1583 2480 jam
1622 2396 2097 2461 miserabiliter
2147 2396 2601 2477 submergeris
2630 2394 2681 2474 ς’
2739 2402 2811 2459 et
2859 2402 3098 2458 tenens

1233 2514 1388 2560 eum
1416 2495 1726 2559 diabolus
1763 2495 1864 2560 ita
1901 2495 2312 2559 immobilem
2348 2495 2536 2571 fecit,
2568 2494 2744 2578 quod
2773 2513 2903 2557 nec
2941 2513 3104 2575 pro-

1234 2594 1474 2659 cedere
1493 2614 1620 2659 nec
1649 2594 1721 2659 in
1748 2594 1933 2658 latus
1954 2594 2230 2676 aliquod
2256 2595 2477 2659 valuit
2503 2594 2854 2657 declinare.
2901 2592 3099 2655 Dum

1233 2694 1383 2757 haec
1408 2700 1772 2776 agerentur
1798 2694 1872 2756 in
1900 2693 2201 2771 flumine,
2225 2694 2332 2757 vir
2365 2693 2502 2759 Dei
2520 2692 2863 2768 WlfricuS,
2889 2692 3099 2755 rebus

1235 2812 1393 2876 quae
1443 2793 1698 2857 fiebant
1738 2811 1782 2856 a
1821 2792 1975 2857 Deo
2028 2793 2158 2856 sibi
2202 2813 2325 2876 per
2370 2793 2681 2876 spiritum
2719 2790 3104 2874 prophetiae

1238 2893 1585 2970 revelatis,
1629 2893 1907 2958 vocavit
1953 2893 2423 2976 presbyterum
2464 2911 2667 2956 suum
2708 2891 2799 2956 ad
2841 2910 2945 2969 se,
2988 2910 3106 2955 no-

1238 2993 1420 3056 mine
1444 2991 1886 3070 Brithricum,
1914 3000 1986 3057 et
2013 2993 2136 3070 ait,
2157 2992 2567 3071 ‘Accelera,’
2588 2993 2842 3074 inquit,
2863 2996 2885 3026 ‘
2905 2998 2978 3055 et
2997 3010 3104 3054 as-

1240 3100 1515 3176 sumpta
1550 3111 1749 3157 cruce
1777 3111 1933 3155 cum
1968 3110 2152 3175 aqua
2182 3093 2542 3157 benedicta
2577 3111 2865 3157 occurre
2898 3090 3108 3156 homi-

1241 3191 1336 3268 ni,
1367 3210 1570 3273 quem
1601 3190 1914 3256 diabolus
1941 3191 2012 3254 in
2042 3192 2242 3269 vado,
2272 3191 2454 3276 quod
2486 3199 2690 3256 extra
2717 3191 2956 3255 villam
2986 3197 3106 3267 est,

1240 3292 1593 3372 captivum
1654 3297 1865 3367 tenet,
1914 3298 1986 3355 et
2031 3309 2400 3375 aspergens
2458 3311 2613 3356 eum
2667 3309 2856 3374 aqua
2911 3292 3108 3354 bene-

1242 3389 1430 3454 dicta
1458 3390 1759 3454 adduces
1788 3391 1875 3454 ad
1904 3410 2011 3455 me
2034 3389 2076 3470 ς’
2123 3399 2199 3456 at
2227 3391 2342 3455 ille
2376 3410 2530 3455 cum
2574 3410 2848 3454 summa
2876 3390 3106 3454 celeri-

1243 3495 1390 3553 tate
1428 3489 1521 3554 ad
1566 3490 1904 3572 imperata
1949 3490 2083 3554 iter
2124 3491 2456 3574 arripiens
2494 3490 2783 3567 invenit,
2831 3491 3018 3554 sicut
3052 3489 3112 3553 ei

1244 3587 1502 3652 dictum
1533 3588 1782 3665 fuerat,
1811 3588 2146 3654 hominem
2177 3591 2249 3653 in
2272 3589 2450 3654 vado
2479 3609 2655 3672 equo
2684 3589 3111 3665 insidentem,

1243 3685 1346 3750 ita
1387 3695 1459 3749 et
1501 3687 1573 3749 in
1623 3704 1807 3770 aqua
1847 3688 2280 3753 immobiliter
2322 3689 2562 3765 fixum,
2607 3689 2789 3770 quod
2838 3688 2924 3752 de
2966 3689 3112 3752 loco

1244 3804 1382 3848 non
1416 3785 1645 3867 potuit
1680 3804 1757 3849 se
1785 3806 2103 3868 movere3
2157 3808 2360 3871 quem
2390 3797 2469 3854 ut
2499 3787 2674 3853 vidit
2708 3788 3116 3864 Brithricus,

1192 3913 1195 3914 ⁷
1246 3884 1562 3967 protinus
1603 3884 1677 3947 in
1709 3886 2036 3950 virtutem
2079 3888 2393 3970 magistri
2425 3888 2531 3952 sui
2575 3906 2757 3970 aqua
2799 3888 3115 3952 benedic-

1247 3991 1325 4048 ta
1363 3983 1703 4047 hominem
1749 3984 2161 4067 perfundens
2202 3988 2275 4051 in
2329 3988 2600 4052 nomine
2642 3987 2688 4051 J
2693 4007 2814 4052 esu
2863 3986 3118 4051 Christi

1250 4083 1552 4165 praedam
1616 4085 1923 4149 excussit
1972 4093 2043 4149 et
2096 4086 2482 4169 praedonem
2541 4087 2837 4168 fugavit,
2886 4088 3117 4171 sicque

1249 4183 1597 4266 captivum
1649 4184 1734 4247 de
1775 4185 1975 4266 aquis
2019 4202 2372 4251 assumens
2416 4206 2571 4251 cum
2626 4186 2876 4252 laetitia
2919 4186 3116 4249 duxit

1250 4283 1337 4346 ad
1367 4283 1587 4346 virum
1614 4283 1772 4359 Dei,
1802 4284 1920 4365 qui
1950 4285 2221 4349 interim
2261 4306 2387 4369 pro
2421 4285 2692 4350 miseria
2730 4286 2886 4370 ejus
2916 4305 3118 4351 orans

1250 4401 1492 4445 manus
1543 4381 1837 4447 habebat
1875 4383 1963 4446 ad
2014 4383 2263 4448 Deum.
2367 4385 2797 4468 Sequebatur
2842 4405 2890 4448 a
2929 4395 3118 4467 tergo

1250 4479 1516 4544 daemon
1564 4481 1908 4562 quondam
1958 4482 2294 4548 hominem
2353 4504 2577 4562 suum,
2630 4503 2833 4566 quem
2886 4485 3118 4548 videns

1250 4588 1546 4645 stantem
1594 4588 1754 4645 ante
1811 4583 2029 4646 virum
2083 4583 2218 4648 Dei
2269 4585 2718 4668 apprehendit
2773 4604 2931 4648 eum
2991 4584 3119 4648 cla-
