3457 5887
945 945 1054 987 Am.
1075 946 1185 988 1⁰9⁶.

1112 3723 1218 3764 itinn

959 3775 1145 3865 m:
1160 3775 1235 3815 ²¹²·

1253 759 1341 824 66
1757 774 2024 823 nocam
2067 775 2163 823 nn
2208 773 2616 823 wannovrm

1259 931 1523 999 emendi
1565 933 1951 997 necessaria
1989 931 2334 997 licentiam
2374 931 2756 1016 pomulam,
2801 938 2874 995 et
2913 930 3128 1014 impe-

1260 1040 1443 1099 trare
1485 1052 1621 1096 non
1656 1033 1920 1110 valens,
1957 1040 2119 1096 ante
2164 1033 2396 1096 urbem
2428 1030 2934 1113 Bellegraviam
2977 1051 3131 1095 cas-

1259 1139 1666 1197 trametatus
1721 1139 1827 1196 est
1861 1152 1882 1211 3
1949 1132 2046 1196 ibi
2102 1132 2476 1195 exercitum
2533 1151 2776 1207 suum,¹
2820 1131 3130 1195 ciborum

1257 1231 1491 1315 inopia
1542 1231 1991 1309 laborantem,
2042 1230 2355 1295 cohibere
2410 1250 2545 1295 non
2600 1230 2867 1307 valona,
2919 1249 3132 1311 grave

1260 1332 1461 1396 nimis
1514 1331 1751 1414 populi
1795 1331 1904 1395 sui
1946 1329 2198 1394 ibidem
2248 1330 2577 1395 sustinuit
2626 1328 3132 1395 detrimentum.

1263 1430 1446 1495 Nam
1491 1449 1644 1494 cum
1687 1429 1855 1493 nihil
1896 1449 1941 1493 a
1967 1436 2171 1512 gente
2213 1428 2510 1493 nefanda
2539 1429 2781 1494 venale
2823 1429 3130 1493 obtinere

1261 1529 1669 1612 potuissent,
1723 1529 1798 1593 in
1858 1548 2102 1611 greges
2160 1528 2619 1610 Bulgarorum
2685 1536 2756 1592 et
2818 1535 3132 1593 armenta

1260 1628 1596 1694 irruentes
1638 1635 1995 1710 coeperunt
2026 1648 2116 1691 ex
2147 1628 2245 1691 eis
2284 1629 2359 1692 in
2400 1636 2628 1692 castra
2665 1646 2794 1691 sua
2824 1627 3129 1704 deferre;

1262 1729 1448 1812 quod
1480 1728 1769 1809 Bulgari
1816 1727 2195 1804 audienteS,
2231 1727 2521 1811 arreptis
2561 1728 2792 1803 armis,
2825 1726 3131 1809 praedam

1262 1834 1586 1891 excutere
1632 1826 2101 1904 decreverunt,
2151 1833 2222 1890 et
2272 1826 2548 1890 bellum*
2584 1827 2979 1909 raptoribus
3028 1826 3131 1888 in-

1262 1926 1556 1990 ferentes
1587 1932 1660 1989 et
1684 1927 1981 1990 victores
2009 1925 2381 1989 existentes
2414 1932 2687 1990 centum
2730 1934 2803 1989 et
2836 1926 3134 2008 quadra-

1264 2025 1459 2106 ginta
1486 2044 1575 2088 ex
1602 2024 1724 2103 eis,
1759 2044 1803 2087 a
1829 2024 2356 2109 praecedentium
2389 2024 2716 2089 comitatu
2733 2031 3130 2108 separatos,

1262 2123 1335 2187 in
1377 2122 1675 2189 oratorio
1706 2124 2026 2206 quodam,
2055 2144 2191 2207 quo
2238 2144 2313 2189 se
2358 2125 2586 2206 gratia
2632 2123 3131 2206 consequendae

1264 2223 1454 2306 pacis
1510 2222 1910 2301 intulerant,
1968 2224 2129 2305 igne
2204 2225 2518 2307 apposito
2589 2224 3132 2300 combusserunt,

1263 2322 1533 2386 caeteris
1556 2323 1630 2387 in
1654 2322 1887 2404 fugam
1917 2323 2196 2387 coactis.
2239 2321 2341 2387 At
2361 2342 2522 2388 vero
2545 2320 2946 2386 Gualterius
2981 2342 3134 2386 cum

1260 2421 1544 2505 reliquis
1586 2422 1969 2503 agminibus
2011 2423 2155 2485 suis
2198 2420 2608 2499 straliciam,
2639 2422 2879 2486 Daciae
2922 2421 3136 2486 medi-

1264 2527 1596 2584 terraneae
1620 2521 2073 2603 metropolim,
2092 2522 2515 2603 perveniens,
2537 2520 2815 2604 praesidi
2835 2521 3135 2586 civitatis

1263 2618 1350 2683 de
1394 2618 1648 2703 injuria
1699 2619 1882 2701 plebi
1925 2619 2057 2682 Dei
2097 2640 2140 2683 a
2185 2619 2508 2702 Bulgaris
2550 2619 2744 2684 illata
2800 2640 3135 2703 conques-

1264 2725 1401 2795 tus,
1432 2718 1704 2801 plenam
1757 2726 1864 2781 est
1902 2717 2241 2801 justitiam
2291 2727 2740 2798 consecutus;
2803 2719 2964 2783 inde
3006 2719 3134 2801 igi·

1263 2824 1380 2882 tur
1409 2817 1498 2880 ad
1529 2817 1763 2880 urbem
1794 2817 2051 2897 regiam
2082 2818 2451 2901 profectuS,
2477 2826 2550 2883 et
2577 2817 2664 2881 ad
2700 2820 3134 2901 praesentiam

1265 2915 1502 2982 Alexii
1539 2915 1971 3000 imperatoris
2009 2917 2350 2995 inductus,
2380 2917 2780 3000 postulavit,
2811 2926 2893 2983 ut
2923 2937 3139 3001 usque

1267 3017 1357 3082 ad
1400 3016 1768 3081 adventum
1804 3015 1994 3080 Petri
2025 3015 2425 3093 Heremitae',
2459 3017 2546 3081 de
2586 3017 2780 3101 cujus
2813 3018 3138 3082 mandato

1267 3117 1402 3180 iter
1434 3115 1839 3197 arripuerat,
1873 3116 2248 3180 exercitum
2292 3135 2491 3180 suum
2533 3116 2606 3180 in
2647 3117 2815 3180 locis
2856 3118 3010 3181 urbi
3039 3118 3140 3182 vi·-

1271 3213 1465 3289 cinis,
1519 3212 1788 3277 indulta
1838 3214 1968 3277 sibi
2012 3215 2277 3279 emendi
2318 3215 2792 3298 vendendique
2815 3216 3139 3292 lieentia,

1270 3312 1775 3395 permitteretur
1800 3312 2094 3395 habere;
2140 3316 2319 3397 quod
2349 3316 2412 3379 ei
2447 3316 2820 3398 imperator
2851 3317 3142 3399 benigne

1273 3410 1630 3475 concessit.

1607 3582 1707 3647 De
1720 3583 2215 3670 poreyrinatiom
2243 3587 2427 3652 Petri
2451 3588 2796 3653 Hor-emita.

1364 3704 1536 3770 Post
1557 3706 2015 3785 Gualterium,
2036 3709 2285 3774 Petrus
2309 3709 2668 3777 Heremita
2684 3714 2945 3797 primus
2963 3713 3140 3778 viam

1273 3805 1838 3888 peregrinationis
1892 3810 2286 3891 expediens,
2333 3817 2726 3876 transcursa
2776 3812 3143 3878 Lotharin-

1270 3905 1412 3988 gia,
1442 3905 1850 3984 Franconia,
1879 3908 2183 3972 Bavaria
2225 3915 2295 3973 et
2327 3907 2636 3988 Austria‚
2665 3931 2819 3975 cum
2850 3913 3142 3996 quadra-

1270 4005 1467 4086 ginta
1508 4007 1806 4071 millibus
1851 4006 2258 4072 bellatorum
2291 4007 2460 4072 fines
2503 4010 2738 4091 attigit
2769 4011 3144 4094 Hungaro-

1270 4122 1465 4182 rum3
1521 4106 1639 4186 qui
1678 4105 1953 4170 tandem
1983 4105 2070 4170 ad
2104 4106 2368 4172 Malam
2397 4106 2634 4172 villam
2668 4111 3144 4191 pervenientes

1272 4200 1633 4267 audierunt
1710 4203 2163 4284 Christianos,
2231 4205 2350 4290 qui
2410 4205 2841 4273 Gualterium
2925 4211 3141 4274 secuti

1272 4309 1786 4380 praecesserant,
1831 4311 2129 4387 stragem
2183 4304 2277 4370 ibi
2331 4326 2486 4371 non.
2524 4307 2858 4372 modicam
2915 4317 3146 4391 pertu-

1271 4398 1458 4475 lisse,
1501 4406 1571 4463 et
1599 4401 1910 4466 videntes
1949 4405 2172 4487 spolia
2208 4412 2278 4470 et
2322 4425 2513 4470 arma
2554 4426 2788 4471 eorum
2829 4408 2904 4472 in
2949 4428 3142 4473 muro

1273 4498 1572 4564 civitatis
1605 4501 1805 4582 quasi
1848 4521 1972 4583 pro
2010 4504 2316 4587 trophaeo
2348 4507 2739 4588 pendentia,
2760 4507 2958 4592 justa
2988 4529 3144 4574 suc·
