<?xml version="1.0" encoding="UTF-8"?>
<!DOCTYPE html PUBLIC "-//W3C//DTD XHTML 1.0 Transitional//EN"
    "http://www.w3.org/TR/xhtml1/DTD/xhtml1-transitional.dtd">
<html xmlns="http://www.w3.org/1999/xhtml" xml:lang="en" lang="en">
 <head>
  <title>
</title>
<meta http-equiv="Content-Type" content="text/html;charset=utf-8" />
  <meta name='ocr-system' content='tesseract 3.04.00' />
  <meta name='ocr-capabilities' content='ocr_page ocr_carea ocr_par ocr_line ocrx_word'/>
</head>
<body>
  <div class='ocr_page' id='page_1' title='image "./rogeridewendove00wendgoog_0288.png"; bbox 0 0 3457 5887; ppageno 0'>
   <div class='ocr_carea' id='block_1_1' title="bbox 1231 825 2603 893">
    <p class='ocr_par' dir='ltr' id='par_1_1' title="bbox 1231 825 2603 893">
     <span class='ocr_line' id='line_1_1' title="bbox 1231 825 2603 893; baseline 0.001 -2"><span class='ocrx_word' id='word_1_1' title='bbox 1231 825 1361 891; x_wconf 83' lang='grc'><strong>284</strong></span> <span class='ocrx_word' id='word_1_2' title='bbox 1734 842 2000 891; x_wconf 71' lang='lat' dir='ltr'><strong>nocam</strong></span> <span class='ocrx_word' id='word_1_3' title='bbox 2054 844 2148 891; x_wconf 71' lang='lat' dir='ltr'><strong>nn</strong></span> <span class='ocrx_word' id='word_1_4' title='bbox 2195 843 2603 893; x_wconf 74' lang='lat' dir='ltr'><strong>wmmovnn</strong></span> 
     </span>
    </p>
   </div>
   <div class='ocr_carea' id='block_1_2' title="bbox 911 999 3100 1083">
    <p class='ocr_par' dir='ltr' id='par_1_2' title="bbox 911 999 3100 1083">
     <span class='ocr_line' id='line_1_2' title="bbox 911 999 3100 1083; baseline 0.005 -28"><span class='ocrx_word' id='word_1_5' title='bbox 911 1015 1022 1055; x_wconf 44' lang='lat' dir='ltr'><strong>an.</strong></span> <span class='ocrx_word' id='word_1_6' title='bbox 1045 1017 1155 1057; x_wconf 74' lang='lat'>1156.</span> <span class='ocrx_word' id='word_1_7' title='bbox 1229 1007 1301 1065; x_wconf 91' lang='lat' dir='ltr'><strong>et</strong></span> <span class='ocrx_word' id='word_1_8' title='bbox 1333 1000 1433 1064; x_wconf 92' lang='lat' dir='ltr'><strong>sic</strong></span> <span class='ocrx_word' id='word_1_9' title='bbox 1475 999 1656 1064; x_wconf 89' lang='lat' dir='ltr'><strong>inter</strong></span> <span class='ocrx_word' id='word_1_10' title='bbox 1689 1018 1809 1064; x_wconf 91' lang='lat' dir='ltr'><strong>eos</strong></span> <span class='ocrx_word' id='word_1_11' title='bbox 1839 999 2182 1064; x_wconf 81' lang='lat' dir='ltr'><strong>discordia</strong></span> <span class='ocrx_word' id='word_1_12' title='bbox 2214 1007 2322 1064; x_wconf 90' lang='lat' dir='ltr'><strong>est</strong></span> <span class='ocrx_word' id='word_1_13' title='bbox 2357 1001 2587 1083; x_wconf 86' lang='lat' dir='ltr'><strong>sopita</strong></span> <span class='ocrx_word' id='word_1_14' title='bbox 2619 1021 2853 1066; x_wconf 89' lang='lat' dir='ltr'><strong>mense</strong></span> <span class='ocrx_word' id='word_1_15' title='bbox 2882 1002 2929 1065; x_wconf 83' lang='lat' dir='ltr'><strong>J</strong></span> <span class='ocrx_word' id='word_1_16' title='bbox 2935 1002 3100 1068; x_wconf 88' lang='lat' dir='ltr'><strong>ulio.</strong></span> 
     </span>
    </p>
   </div>
   <div class='ocr_carea' id='block_1_3' title="bbox 1220 1098 3107 1781">
    <p class='ocr_par' dir='ltr' id='par_1_3' title="bbox 1220 1098 3107 1781">
     <span class='ocr_line' id='line_1_3' title="bbox 1231 1098 3101 1166; baseline 0.002 -3"><span class='ocrx_word' id='word_1_17' title='bbox 1231 1099 1487 1163; x_wconf 90' lang='lat' dir='ltr'><strong>Eodem</strong></span> <span class='ocrx_word' id='word_1_18' title='bbox 1546 1119 1728 1163; x_wconf 89' lang='lat' dir='ltr'><strong>anno</strong></span> <span class='ocrx_word' id='word_1_19' title='bbox 1792 1118 1915 1162; x_wconf 81' lang='lat' dir='ltr'><strong>rex</strong></span> <span class='ocrx_word' id='word_1_20' title='bbox 1987 1098 2240 1162; x_wconf 81' lang='lat' dir='ltr'><strong>Siciliae</strong></span> <span class='ocrx_word' id='word_1_21' title='bbox 2297 1098 2689 1165; x_wconf 89' lang='lat' dir='ltr'><strong>Willelmus</strong></span> <span class='ocrx_word' id='word_1_22' title='bbox 2756 1102 3101 1166; x_wconf 81' lang='lat' dir='ltr'><strong>civitatem</strong></span> 
     </span>
     <span class='ocr_line' id='line_1_4' title="bbox 1230 1197 3107 1283; baseline 0.001 -21"><span class='ocrx_word' id='word_1_23' title='bbox 1230 1199 1490 1262; x_wconf 88' lang='lat' dir='ltr'><strong>Barum</strong></span> <span class='ocrx_word' id='word_1_24' title='bbox 1533 1198 1846 1264; x_wconf 86' lang='lat' dir='ltr'><strong>funditus</strong></span> <span class='ocrx_word' id='word_1_25' title='bbox 1884 1199 2154 1276; x_wconf 87' lang='lat' dir='ltr'><strong>evertit,</strong></span> <span class='ocrx_word' id='word_1_26' title='bbox 2194 1197 2478 1264; x_wconf 83' lang='lat' dir='ltr'><strong>Graecos</strong></span> <span class='ocrx_word' id='word_1_27' title='bbox 2520 1202 2899 1283; x_wconf 81' lang='lat' dir='ltr'><strong>superavit,</strong></span> <span class='ocrx_word' id='word_1_28' title='bbox 2941 1202 3107 1264; x_wconf 85' lang='lat' dir='ltr'><strong>civi-</strong></span> 
     </span>
     <span class='ocr_line' id='line_1_5' title="bbox 1220 1298 3102 1384; baseline 0.002 -23"><span class='ocrx_word' id='word_1_29' title='bbox 1220 1305 1405 1361; x_wconf 82' lang='lat' dir='ltr'><strong>tates</strong></span> <span class='ocrx_word' id='word_1_30' title='bbox 1441 1305 1512 1362; x_wconf 90' lang='lat' dir='ltr'><strong>et</strong></span> <span class='ocrx_word' id='word_1_31' title='bbox 1540 1298 1827 1362; x_wconf 87' lang='lat' dir='ltr'><strong>castella</strong></span> <span class='ocrx_word' id='word_1_32' title='bbox 1856 1298 1987 1361; x_wconf 90' lang='lat' dir='ltr'><strong>sibi</strong></span> <span class='ocrx_word' id='word_1_33' title='bbox 2017 1298 2207 1379; x_wconf 90' lang='lat' dir='ltr'><strong>prius</strong></span> <span class='ocrx_word' id='word_1_34' title='bbox 2251 1298 2488 1362; x_wconf 87' lang='lat' dir='ltr'><strong>ablata</strong></span> <span class='ocrx_word' id='word_1_35' title='bbox 2516 1300 2588 1362; x_wconf 93' lang='lat' dir='ltr'><strong>in</strong></span> <span class='ocrx_word' id='word_1_36' title='bbox 2610 1301 2733 1384; x_wconf 89' lang='lat' dir='ltr'><strong>jus</strong></span> <span class='ocrx_word' id='word_1_37' title='bbox 2776 1320 2978 1363; x_wconf 90' lang='lat' dir='ltr'><strong>suum</strong></span> <span class='ocrx_word' id='word_1_38' title='bbox 3005 1321 3102 1364; x_wconf 92' lang='lat' dir='ltr'><strong>re-</strong></span> 
     </span>
     <span class='ocr_line' id='line_1_6' title="bbox 1226 1394 3101 1480; baseline 0.003 -20"><span class='ocrx_word' id='word_1_39' title='bbox 1226 1398 1526 1473; x_wconf 86' lang='lat' dir='ltr'><strong>vocavit,</strong></span> <span class='ocrx_word' id='word_1_40' title='bbox 1557 1416 1713 1461; x_wconf 92' lang='lat' dir='ltr'><strong>cum</strong></span> <span class='ocrx_word' id='word_1_41' title='bbox 1762 1416 1945 1480; x_wconf 90' lang='lat' dir='ltr'><strong>papa</strong></span> <span class='ocrx_word' id='word_1_42' title='bbox 1996 1394 2307 1461; x_wconf 81' lang='lat' dir='ltr'><strong>Adriano</strong></span> <span class='ocrx_word' id='word_1_43' title='bbox 2350 1417 2589 1480; x_wconf 90' lang='lat' dir='ltr'><strong>pacem</strong></span> <span class='ocrx_word' id='word_1_44' title='bbox 2635 1400 2824 1478; x_wconf 87' lang='lat' dir='ltr'><strong>fecit,</strong></span> <span class='ocrx_word' id='word_1_45' title='bbox 2864 1420 3101 1465; x_wconf 82' lang='lat' dir='ltr'><strong>conse-</strong></span> 
     </span>
     <span class='ocr_line' id='line_1_7' title="bbox 1224 1497 3098 1578; baseline 0.003 -19"><span class='ocrx_word' id='word_1_46' title='bbox 1224 1497 1565 1560; x_wconf 84' lang='lat' dir='ltr'><strong>crationes</strong></span> <span class='ocrx_word' id='word_1_47' title='bbox 1605 1497 2082 1578; x_wconf 88' lang='lat' dir='ltr'><strong>episcoporum</strong></span> <span class='ocrx_word' id='word_1_48' title='bbox 2134 1498 2328 1578; x_wconf 84' lang='lat' dir='ltr'><strong>regni</strong></span> <span class='ocrx_word' id='word_1_49' title='bbox 2376 1499 2484 1563; x_wconf 89' lang='lat' dir='ltr'><strong>sui</strong></span> <span class='ocrx_word' id='word_1_50' title='bbox 2528 1499 2594 1561; x_wconf 91' lang='lat' dir='ltr'><strong>ei</strong></span> <span class='ocrx_word' id='word_1_51' title='bbox 2644 1499 3098 1565; x_wconf 87' lang='lat' dir='ltr'><strong>concedendo.</strong></span> 
     </span>
     <span class='ocr_line' id='line_1_8' title="bbox 1223 1594 3093 1682; baseline 0.002 -23"><span class='ocrx_word' id='word_1_52' title='bbox 1223 1595 1420 1659; x_wconf 89' lang='lat' dir='ltr'><strong>Tunc</strong></span> <span class='ocrx_word' id='word_1_53' title='bbox 1453 1594 1760 1672; x_wconf 86' lang='lat' dir='ltr'><strong>Alienor,</strong></span> <span class='ocrx_word' id='word_1_54' title='bbox 1794 1596 2034 1677; x_wconf 80' lang='lat' dir='ltr'><strong>regina</strong></span> <span class='ocrx_word' id='word_1_55' title='bbox 2054 1594 2464 1677; x_wconf 84' lang='lat' dir='ltr'><strong>Anglorum,</strong></span> <span class='ocrx_word' id='word_1_56' title='bbox 2493 1600 2764 1681; x_wconf 83' lang='lat' dir='ltr'>peperit</span> <span class='ocrx_word' id='word_1_57' title='bbox 2795 1600 2945 1682; x_wconf 86' lang='lat' dir='ltr'><strong>regi</strong></span> <span class='ocrx_word' id='word_1_58' title='bbox 2971 1600 3093 1663; x_wconf 89' lang='lat' dir='ltr'><strong>fili-</strong></span> 
     </span>
     <span class='ocr_line' id='line_1_9' title="bbox 1222 1688 2504 1781; baseline 0.002 -22"><span class='ocrx_word' id='word_1_59' title='bbox 1222 1714 1357 1772; x_wconf 89' lang='lat' dir='ltr'><strong>am,</strong></span> <span class='ocrx_word' id='word_1_60' title='bbox 1389 1715 1595 1777; x_wconf 91' lang='lat' dir='ltr'><strong>quam</strong></span> <span class='ocrx_word' id='word_1_61' title='bbox 1632 1688 2028 1759; x_wconf 89' lang='lat' dir='ltr'><strong>¹Matildem</strong></span> <span class='ocrx_word' id='word_1_62' title='bbox 2061 1698 2504 1781; x_wconf 85' lang='lat' dir='ltr'><strong>nuncupavit.</strong></span> 
     </span>
    </p>
   </div>
   <div class='ocr_carea' id='block_1_4' title="bbox 1193 1870 3089 4469">
    <p class='ocr_par' dir='ltr' id='par_1_4' title="bbox 1248 1870 3056 1958">
     <span class='ocr_line' id='line_1_10' title="bbox 1248 1870 3056 1958; baseline 0 -22"><span class='ocrx_word' id='word_1_63' title='bbox 1248 1873 1347 1936; x_wconf 78' lang='lat' dir='ltr'><strong>De</strong></span> <span class='ocrx_word' id='word_1_64' title='bbox 1357 1870 1726 1958; x_wconf 75' lang='lat' dir='ltr'><strong>presbytero,</strong></span> <span class='ocrx_word' id='word_1_65' title='bbox 1761 1873 1870 1958; x_wconf 74' lang='lat' dir='ltr'><strong>qai</strong></span> <span class='ocrx_word' id='word_1_66' title='bbox 1897 1873 2203 1938; x_wconf 70' lang='lat' dir='ltr'><strong>castitatis</strong></span> <span class='ocrx_word' id='word_1_67' title='bbox 2227 1893 2429 1936; x_wconf 77' lang='lat' dir='ltr'><strong>amoro</strong></span> <span class='ocrx_word' id='word_1_68' title='bbox 2455 1872 2719 1955; x_wconf 70' lang='lat' dir='ltr'><strong>seipsum</strong></span> <span class='ocrx_word' id='word_1_69' title='bbox 2746 1874 3056 1937; x_wconf 69' lang='lat' dir='ltr'><strong>castravit.</strong></span> 
     </span>
    </p>

    <p class='ocr_par' dir='ltr' id='par_1_5' title="bbox 1193 1994 3089 4469">
     <span class='ocr_line' id='line_1_11' title="bbox 1321 1994 3084 2079; baseline -0.002 -17"><span class='ocrx_word' id='word_1_70' title='bbox 1321 1997 1525 2063; x_wconf 88' lang='lat' dir='ltr'><strong>Circa</strong></span> <span class='ocrx_word' id='word_1_71' title='bbox 1546 2000 1690 2065; x_wconf 91' lang='lat' dir='ltr'><strong>dies</strong></span> <span class='ocrx_word' id='word_1_72' title='bbox 1723 2000 1894 2064; x_wconf 89' lang='lat' dir='ltr'><strong>istos</strong></span> <span class='ocrx_word' id='word_1_73' title='bbox 1924 1998 2255 2061; x_wconf 81' lang='lat' dir='ltr'><strong>heremita</strong></span> <span class='ocrx_word' id='word_1_74' title='bbox 2281 1996 2584 2079; x_wconf 88' lang='lat' dir='ltr'><strong>quidam,</strong></span> <span class='ocrx_word' id='word_1_75' title='bbox 2608 1996 2715 2058; x_wconf 85' lang='lat' dir='ltr'><strong>vir</strong></span> <span class='ocrx_word' id='word_1_76' title='bbox 2747 1994 3084 2059; x_wconf 88' lang='lat' dir='ltr'><strong>modestus</strong></span> 
     </span>
     <span class='ocr_line' id='line_1_12' title="bbox 1222 2095 3085 2177; baseline -0.001 -16"><span class='ocrx_word' id='word_1_77' title='bbox 1222 2105 1293 2162; x_wconf 87' lang='lat' dir='ltr'><strong>et</strong></span> <span class='ocrx_word' id='word_1_78' title='bbox 1335 2107 1641 2177; x_wconf 86' lang='lat' dir='ltr'><strong>sanctus,</strong></span> <span class='ocrx_word' id='word_1_79' title='bbox 1675 2100 1749 2163; x_wconf 91' lang='lat' dir='ltr'><strong>in</strong></span> <span class='ocrx_word' id='word_1_80' title='bbox 1790 2097 2130 2161; x_wconf 80' lang='lat' dir='ltr'><strong>Hibernia</strong></span> <span class='ocrx_word' id='word_1_81' title='bbox 2172 2116 2309 2159; x_wconf 90' lang='lat' dir='ltr'><strong>non</strong></span> <span class='ocrx_word' id='word_1_82' title='bbox 2355 2095 2562 2176; x_wconf 86' lang='lat' dir='ltr'><strong>longe</strong></span> <span class='ocrx_word' id='word_1_83' title='bbox 2593 2113 2637 2157; x_wconf 94' lang='lat' dir='ltr'><strong>a</strong></span> <span class='ocrx_word' id='word_1_84' title='bbox 2668 2096 3085 2177; x_wconf 79' lang='lat' dir='ltr'><strong>purgatoriO,</strong></span> 
     </span>
     <span class='ocr_line' id='line_1_13' title="bbox 1221 2193 3088 2281; baseline -0.002 -20"><span class='ocrx_word' id='word_1_85' title='bbox 1221 2197 1306 2261; x_wconf 89' lang='lat' dir='ltr'><strong>de</strong></span> <span class='ocrx_word' id='word_1_86' title='bbox 1334 2218 1472 2280; x_wconf 88' lang='lat' dir='ltr'><strong>quo</strong></span> <span class='ocrx_word' id='word_1_87' title='bbox 1506 2198 1972 2281; x_wconf 87' lang='lat' dir='ltr'><strong>supradictum</strong></span> <span class='ocrx_word' id='word_1_88' title='bbox 2005 2203 2135 2273; x_wconf 89' lang='lat' dir='ltr'><strong>est,</strong></span> <span class='ocrx_word' id='word_1_89' title='bbox 2168 2196 2239 2258; x_wconf 92' lang='lat' dir='ltr'><strong>in</strong></span> <span class='ocrx_word' id='word_1_90' title='bbox 2286 2195 2438 2258; x_wconf 89' lang='lat' dir='ltr'><strong>loco</strong></span> <span class='ocrx_word' id='word_1_91' title='bbox 2469 2194 2743 2258; x_wconf 90' lang='lat' dir='ltr'><strong>deserto</strong></span> <span class='ocrx_word' id='word_1_92' title='bbox 2776 2193 3088 2276; x_wconf 83' lang='lat' dir='ltr'><strong>degebat,</strong></span> 
     </span>
     <span class='ocr_line' id='line_1_14' title="bbox 1222 2294 3089 2382; baseline -0.002 -22"><span class='ocrx_word' id='word_1_93' title='bbox 1222 2298 1296 2360; x_wconf 89' lang='lat' dir='ltr'><strong>in</strong></span> <span class='ocrx_word' id='word_1_94' title='bbox 1339 2298 1540 2382; x_wconf 87' lang='lat' dir='ltr'><strong>cujus</strong></span> <span class='ocrx_word' id='word_1_95' title='bbox 1583 2298 1781 2362; x_wconf 89' lang='lat' dir='ltr'><strong>horto</strong></span> <span class='ocrx_word' id='word_1_96' title='bbox 1826 2297 2008 2361; x_wconf 89' lang='lat' dir='ltr'><strong>omni</strong></span> <span class='ocrx_word' id='word_1_97' title='bbox 2052 2296 2195 2360; x_wconf 87' lang='lat' dir='ltr'><strong>fere</strong></span> <span class='ocrx_word' id='word_1_98' title='bbox 2233 2301 2433 2359; x_wconf 89' lang='lat' dir='ltr'><strong>nocte</strong></span> <span class='ocrx_word' id='word_1_99' title='bbox 2474 2294 2823 2358; x_wconf 84' lang='lat' dir='ltr'><strong>daemones</strong></span> <span class='ocrx_word' id='word_1_100' title='bbox 2861 2295 3089 2357; x_wconf 84' lang='lat' dir='ltr'><strong>visibi-</strong></span> 
     </span>
     <span class='ocr_line' id='line_1_15' title="bbox 1219 2393 3083 2477; baseline -0.002 -18"><span class='ocrx_word' id='word_1_101' title='bbox 1219 2395 1378 2461; x_wconf 87' lang='lat' dir='ltr'><strong>liter</strong></span> <span class='ocrx_word' id='word_1_102' title='bbox 1419 2404 1904 2472; x_wconf 87' lang='lat' dir='ltr'><strong>convenerunt,</strong></span> <span class='ocrx_word' id='word_1_103' title='bbox 1947 2403 2017 2460; x_wconf 93' lang='lat' dir='ltr'><strong>et</strong></span> <span class='ocrx_word' id='word_1_104' title='bbox 2060 2394 2296 2459; x_wconf 89' lang='lat' dir='ltr'><strong>statim</strong></span> <span class='ocrx_word' id='word_1_105' title='bbox 2350 2402 2508 2477; x_wconf 89' lang='lat' dir='ltr'><strong>post</strong></span> <span class='ocrx_word' id='word_1_106' title='bbox 2555 2393 2719 2457; x_wconf 88' lang='lat' dir='ltr'><strong>solis</strong></span> <span class='ocrx_word' id='word_1_107' title='bbox 2767 2413 3083 2457; x_wconf 83' lang='lat' dir='ltr'><strong>occasum</strong></span> 
     </span>
     <span class='ocr_line' id='line_1_16' title="bbox 1218 2493 3082 2579; baseline -0.002 -18"><span class='ocrx_word' id='word_1_108' title='bbox 1218 2498 1621 2579; x_wconf 81' lang='lat' dir='ltr'><strong>congregati</strong></span> <span class='ocrx_word' id='word_1_109' title='bbox 1651 2495 1976 2579; x_wconf 91' lang='lat' dir='ltr'><strong>placitum</strong></span> <span class='ocrx_word' id='word_1_110' title='bbox 2003 2495 2100 2559; x_wconf 90' lang='lat' dir='ltr'><strong>ibi</strong></span> <span class='ocrx_word' id='word_1_111' title='bbox 2126 2501 2517 2571; x_wconf 88' lang='lat' dir='ltr'><strong>tenuerunt,</strong></span> <span class='ocrx_word' id='word_1_112' title='bbox 2538 2501 2695 2557; x_wconf 90' lang='lat' dir='ltr'><strong>ante</strong></span> <span class='ocrx_word' id='word_1_113' title='bbox 2723 2493 2892 2557; x_wconf 88' lang='lat' dir='ltr'><strong>solis</strong></span> <span class='ocrx_word' id='word_1_114' title='bbox 2923 2494 3082 2557; x_wconf 88' lang='lat' dir='ltr'><strong>inde</strong></span> 
     </span>
     <span class='ocr_line' id='line_1_17' title="bbox 1220 2593 3078 2677; baseline -0.002 -18"><span class='ocrx_word' id='word_1_115' title='bbox 1220 2602 1445 2659; x_wconf 87' lang='lat' dir='ltr'><strong>ortum</strong></span> <span class='ocrx_word' id='word_1_116' title='bbox 1500 2597 1891 2660; x_wconf 83' lang='lat' dir='ltr'><strong>recedentes</strong></span> <span class='ocrx_word' id='word_1_117' title='bbox 1925 2616 1943 2674; x_wconf 80' lang='lat'>3</span> <span class='ocrx_word' id='word_1_118' title='bbox 2004 2594 2339 2659; x_wconf 91' lang='lat' dir='ltr'><strong>rationem</strong></span> <span class='ocrx_word' id='word_1_119' title='bbox 2391 2612 2656 2677; x_wconf 90' lang='lat' dir='ltr'><strong>quoque</strong></span> <span class='ocrx_word' id='word_1_120' title='bbox 2695 2593 2787 2656; x_wconf 90' lang='lat' dir='ltr'><strong>ibi</strong></span> <span class='ocrx_word' id='word_1_121' title='bbox 2838 2593 3078 2656; x_wconf 88' lang='lat' dir='ltr'><strong>redde-</strong></span> 
     </span>
     <span class='ocr_line' id='line_1_18' title="bbox 1220 2691 3073 2777; baseline -0.002 -19"><span class='ocrx_word' id='word_1_122' title='bbox 1220 2695 1384 2758; x_wconf 90' lang='lat' dir='ltr'><strong>bant</strong></span> <span class='ocrx_word' id='word_1_123' title='bbox 1430 2695 1774 2758; x_wconf 82' lang='lat' dir='ltr'><strong>daemones</strong></span> <span class='ocrx_word' id='word_1_124' title='bbox 1819 2695 2107 2777; x_wconf 91' lang='lat' dir='ltr'><strong>principi</strong></span> <span class='ocrx_word' id='word_1_125' title='bbox 2154 2694 2660 2769; x_wconf 64' lang='lat' dir='ltr'><strong>daemoniorum,</strong></span> <span class='ocrx_word' id='word_1_126' title='bbox 2702 2691 2864 2773; x_wconf 90' lang='lat' dir='ltr'><strong>quid</strong></span> <span class='ocrx_word' id='word_1_127' title='bbox 2907 2692 3073 2755; x_wconf 90' lang='lat' dir='ltr'><strong>mali</strong></span> 
     </span>
     <span class='ocr_line' id='line_1_19' title="bbox 1219 2792 3072 2876; baseline -0.001 -20"><span class='ocrx_word' id='word_1_128' title='bbox 1219 2793 1504 2858; x_wconf 87' lang='lat' dir='ltr'><strong>fecerint</strong></span> <span class='ocrx_word' id='word_1_129' title='bbox 1552 2795 1623 2858; x_wconf 91' lang='lat' dir='ltr'><strong>in</strong></span> <span class='ocrx_word' id='word_1_130' title='bbox 1673 2793 2059 2858; x_wconf 90' lang='lat' dir='ltr'><strong>hominibus</strong></span> <span class='ocrx_word' id='word_1_131' title='bbox 2110 2792 2547 2876; x_wconf 79' lang='lat' dir='ltr'><strong>decipiendiS,</strong></span> <span class='ocrx_word' id='word_1_132' title='bbox 2591 2810 2874 2875; x_wconf 90' lang='lat' dir='ltr'><strong>quorum</strong></span> <span class='ocrx_word' id='word_1_133' title='bbox 2915 2810 3072 2855; x_wconf 90' lang='lat' dir='ltr'><strong>cou-</strong></span> 
     </span>
     <span class='ocr_line' id='line_1_20' title="bbox 1215 2891 3080 2960; baseline -0.001 -4"><span class='ocrx_word' id='word_1_134' title='bbox 1215 2892 1671 2959; x_wconf 87' lang='lat' dir='ltr'><strong>fabulationes</strong></span> <span class='ocrx_word' id='word_1_135' title='bbox 1712 2893 1978 2960; x_wconf 84' lang='lat' dir='ltr'><strong>audivit</strong></span> <span class='ocrx_word' id='word_1_136' title='bbox 2009 2893 2116 2958; x_wconf 86' lang='lat' dir='ltr'><strong>vir</strong></span> <span class='ocrx_word' id='word_1_137' title='bbox 2156 2900 2436 2958; x_wconf 89' lang='lat' dir='ltr'><strong>sanctus</strong></span> <span class='ocrx_word' id='word_1_138' title='bbox 2480 2891 2835 2956; x_wconf 87' lang='lat' dir='ltr'><strong>manifeste</strong></span> <span class='ocrx_word' id='word_1_139' title='bbox 2861 2898 2935 2955; x_wconf 88' lang='lat' dir='ltr'><strong>et</strong></span> <span class='ocrx_word' id='word_1_140' title='bbox 2969 2910 3080 2955; x_wconf 92' lang='lat' dir='ltr'><strong>eo-</strong></span> 
     </span>
     <span class='ocr_line' id='line_1_21' title="bbox 1215 2989 3078 3076; baseline -0.001 -20"><span class='ocrx_word' id='word_1_141' title='bbox 1215 3013 1363 3056; x_wconf 89' lang='lat' dir='ltr'><strong>rum</strong></span> <span class='ocrx_word' id='word_1_142' title='bbox 1410 2994 1667 3076; x_wconf 81' lang='lat' dir='ltr'><strong>figuras</strong></span> <span class='ocrx_word' id='word_1_143' title='bbox 1707 2993 2041 3059; x_wconf 87' lang='lat' dir='ltr'><strong>deformes</strong></span> <span class='ocrx_word' id='word_1_144' title='bbox 2091 2993 2448 3058; x_wconf 83' lang='lat' dir='ltr'><strong>visibiliter</strong></span> <span class='ocrx_word' id='word_1_145' title='bbox 2498 2992 2886 3074; x_wconf 82' lang='lat' dir='ltr'><strong>conspexit.</strong></span> <span class='ocrx_word' id='word_1_146' title='bbox 2973 2989 3078 3054; x_wconf 85' lang='lat' dir='ltr'><strong>Ad</strong></span> 
     </span>
     <span class='ocr_line' id='line_1_22' title="bbox 1215 3091 3076 3178; baseline -0.002 -22"><span class='ocrx_word' id='word_1_147' title='bbox 1215 3094 1467 3157; x_wconf 83' lang='lat' dir='ltr'><strong>ostium</strong></span> <span class='ocrx_word' id='word_1_148' title='bbox 1498 3093 1762 3158; x_wconf 82' lang='lat' dir='ltr'><strong>cellulae</strong></span> <span class='ocrx_word' id='word_1_149' title='bbox 1792 3095 1943 3178; x_wconf 87' lang='lat' dir='ltr'><strong>ejus</strong></span> <span class='ocrx_word' id='word_1_150' title='bbox 1976 3094 2412 3169; x_wconf 87' lang='lat' dir='ltr'><strong>conveniunt,</strong></span> <span class='ocrx_word' id='word_1_151' title='bbox 2439 3091 2586 3169; x_wconf 87' lang='lat' dir='ltr'><strong>sed,</strong></span> <span class='ocrx_word' id='word_1_152' title='bbox 2620 3091 2949 3174; x_wconf 89' lang='lat' dir='ltr'><strong>quoniam</strong></span> <span class='ocrx_word' id='word_1_153' title='bbox 2979 3091 3076 3154; x_wconf 85' lang='lat' dir='ltr'><strong>in·</strong></span> 
     </span>
     <span class='ocr_line' id='line_1_23' title="bbox 1204 3191 3075 3276; baseline -0.002 -20"><span class='ocrx_word' id='word_1_154' title='bbox 1204 3199 1398 3258; x_wconf 82' lang='lat' dir='ltr'><strong>trare</strong></span> <span class='ocrx_word' id='word_1_155' title='bbox 1441 3213 1579 3257; x_wconf 90' lang='lat' dir='ltr'><strong>non</strong></span> <span class='ocrx_word' id='word_1_156' title='bbox 1614 3201 1929 3276; x_wconf 90' lang='lat' dir='ltr'><strong>possunt,</strong></span> <span class='ocrx_word' id='word_1_157' title='bbox 1970 3192 2190 3257; x_wconf 89' lang='lat' dir='ltr'><strong>nudas</strong></span> <span class='ocrx_word' id='word_1_158' title='bbox 2237 3191 2336 3255; x_wconf 92' lang='lat' dir='ltr'><strong>illi</strong></span> <span class='ocrx_word' id='word_1_159' title='bbox 2379 3210 2564 3273; x_wconf 80' lang='lat' dir='ltr'><strong>saepe</strong></span> <span class='ocrx_word' id='word_1_160' title='bbox 2605 3191 2929 3255; x_wconf 89' lang='lat' dir='ltr'><strong>mulieres</strong></span> <span class='ocrx_word' id='word_1_161' title='bbox 2972 3210 3075 3253; x_wconf 91' lang='lat' dir='ltr'><strong>os-</strong></span> 
     </span>
     <span class='ocr_line' id='line_1_24' title="bbox 1214 3289 3074 3376; baseline -0.001 -21"><span class='ocrx_word' id='word_1_162' title='bbox 1214 3292 1544 3373; x_wconf 83' lang='lat' dir='ltr'><strong>tendunt3</strong></span> <span class='ocrx_word' id='word_1_163' title='bbox 1590 3294 1824 3376; x_wconf 90' lang='lat' dir='ltr'><strong>sicque</strong></span> <span class='ocrx_word' id='word_1_164' title='bbox 1852 3293 1930 3358; x_wconf 90' lang='lat' dir='ltr'><strong>fit</strong></span> <span class='ocrx_word' id='word_1_165' title='bbox 1955 3300 2035 3356; x_wconf 93' lang='lat' dir='ltr'><strong>ut</strong></span> <span class='ocrx_word' id='word_1_166' title='bbox 2068 3291 2395 3356; x_wconf 80' lang='lat' dir='ltr'><strong>heremita</strong></span> <span class='ocrx_word' id='word_1_167' title='bbox 2425 3290 2565 3368; x_wconf 89' lang='lat' dir='ltr'><strong>ille,</strong></span> <span class='ocrx_word' id='word_1_168' title='bbox 2595 3309 2721 3372; x_wconf 90' lang='lat' dir='ltr'><strong>per</strong></span> <span class='ocrx_word' id='word_1_169' title='bbox 2749 3289 3074 3354; x_wconf 80' lang='lat' dir='ltr'><strong>confabu—</strong></span> 
     </span>
     <span class='ocr_line' id='line_1_25' title="bbox 1206 3390 3074 3471; baseline -0.001 -17"><span class='ocrx_word' id='word_1_170' title='bbox 1206 3390 1503 3457; x_wconf 85' lang='lat' dir='ltr'><strong>lationes</strong></span> <span class='ocrx_word' id='word_1_171' title='bbox 1550 3411 1809 3470; x_wconf 88' lang='lat' dir='ltr'><strong>eorum,</strong></span> <span class='ocrx_word' id='word_1_172' title='bbox 1859 3393 2071 3457; x_wconf 86' lang='lat' dir='ltr'><strong>vitam</strong></span> <span class='ocrx_word' id='word_1_173' title='bbox 2122 3391 2308 3455; x_wconf 90' lang='lat' dir='ltr'><strong>illius</strong></span> <span class='ocrx_word' id='word_1_174' title='bbox 2357 3390 2658 3471; x_wconf 82' lang='lat' dir='ltr'><strong>regionis</strong></span> <span class='ocrx_word' id='word_1_175' title='bbox 2707 3390 3074 3454; x_wconf 87' lang='lat' dir='ltr'><strong>multorum</strong></span> 
     </span>
     <span class='ocr_line' id='line_1_26' title="bbox 1210 3489 3073 3574; baseline -0.001 -20"><span class='ocrx_word' id='word_1_176' title='bbox 1210 3490 1559 3556; x_wconf 91' lang='lat' dir='ltr'><strong>hominum</strong></span> <span class='ocrx_word' id='word_1_177' title='bbox 1603 3500 1996 3574; x_wconf 84' lang='lat' dir='ltr'><strong>cognoscat.</strong></span> <span class='ocrx_word' id='word_1_178' title='bbox 2064 3489 2234 3555; x_wconf 88' lang='lat' dir='ltr'><strong>Erat</strong></span> <span class='ocrx_word' id='word_1_179' title='bbox 2279 3496 2510 3553; x_wconf 89' lang='lat' dir='ltr'><strong>autem</strong></span> <span class='ocrx_word' id='word_1_180' title='bbox 2561 3490 2634 3551; x_wconf 91' lang='lat' dir='ltr'><strong>in</strong></span> <span class='ocrx_word' id='word_1_181' title='bbox 2680 3490 2914 3571; x_wconf 89' lang='lat' dir='ltr'><strong>patria</strong></span> <span class='ocrx_word' id='word_1_182' title='bbox 2957 3489 3073 3553; x_wconf 84' lang='lat' dir='ltr'><strong>illa</strong></span> 
     </span>
     <span class='ocr_line' id='line_1_27' title="bbox 1207 3588 3068 3674; baseline 0.001 -23"><span class='ocrx_word' id='word_1_183' title='bbox 1207 3592 1526 3657; x_wconf 86' lang='lat' dir='ltr'><strong>sacerdos</strong></span> <span class='ocrx_word' id='word_1_184' title='bbox 1573 3592 1851 3674; x_wconf 89' lang='lat' dir='ltr'><strong>quidam</strong></span> <span class='ocrx_word' id='word_1_185' title='bbox 1911 3597 2168 3655; x_wconf 81' lang='lat' dir='ltr'><strong>sanctae</strong></span> <span class='ocrx_word' id='word_1_186' title='bbox 2229 3590 2392 3653; x_wconf 82' lang='lat' dir='ltr'><strong>vitae</strong></span> <span class='ocrx_word' id='word_1_187' title='bbox 2445 3597 2516 3652; x_wconf 89' lang='lat' dir='ltr'><strong>et</strong></span> <span class='ocrx_word' id='word_1_188' title='bbox 2571 3588 2907 3665; x_wconf 83' lang='lat' dir='ltr'><strong>honestae,</strong></span> <span class='ocrx_word' id='word_1_189' title='bbox 2955 3591 3068 3671; x_wconf 90' lang='lat' dir='ltr'><strong>qui</strong></span> 
     </span>
     <span class='ocr_line' id='line_1_28' title="bbox 1204 3688 3073 3774; baseline -0.001 -22"><span class='ocrx_word' id='word_1_190' title='bbox 1204 3691 1597 3770; x_wconf 86' lang='lat' dir='ltr'><strong>parochiam</strong></span> <span class='ocrx_word' id='word_1_191' title='bbox 1656 3692 1964 3773; x_wconf 79' lang='lat' dir='ltr'><strong>regebat,</strong></span> <span class='ocrx_word' id='word_1_192' title='bbox 2022 3689 2217 3774; x_wconf 86' lang='lat' dir='ltr'><strong>cujus</strong></span> <span class='ocrx_word' id='word_1_193' title='bbox 2267 3688 2688 3753; x_wconf 88' lang='lat' dir='ltr'><strong>consuetudo</strong></span> <span class='ocrx_word' id='word_1_194' title='bbox 2750 3688 2940 3766; x_wconf 85' lang='lat' dir='ltr'><strong>talis,</strong></span> <span class='ocrx_word' id='word_1_195' title='bbox 2994 3697 3073 3752; x_wconf 88' lang='lat' dir='ltr'><strong>nt</strong></span> 
     </span>
     <span class='ocr_line' id='line_1_29' title="bbox 1203 3787 3076 3872; baseline 0.001 -20"><span class='ocrx_word' id='word_1_196' title='bbox 1203 3790 1504 3870; x_wconf 91' lang='lat' dir='ltr'><strong>quotidie</strong></span> <span class='ocrx_word' id='word_1_197' title='bbox 1565 3808 1765 3853; x_wconf 91' lang='lat' dir='ltr'><strong>mane</strong></span> <span class='ocrx_word' id='word_1_198' title='bbox 1827 3808 2114 3872; x_wconf 82' lang='lat' dir='ltr'><strong>surgens</strong></span> <span class='ocrx_word' id='word_1_199' title='bbox 2167 3787 2631 3853; x_wconf 82' lang='lat' dir='ltr'><strong>coemeterium</strong></span> <span class='ocrx_word' id='word_1_200' title='bbox 2685 3787 3076 3853; x_wconf 88' lang='lat' dir='ltr'><strong>circumiret</strong></span> 
     </span>
     <span class='ocr_line' id='line_1_30' title="bbox 1202 3887 3075 3971; baseline 0.001 -21"><span class='ocrx_word' id='word_1_201' title='bbox 1202 3893 1272 3951; x_wconf 90' lang='lat' dir='ltr'><strong>et</strong></span> <span class='ocrx_word' id='word_1_202' title='bbox 1324 3907 1447 3970; x_wconf 93' lang='lat' dir='ltr'><strong>pro</strong></span> <span class='ocrx_word' id='word_1_203' title='bbox 1503 3888 1860 3952; x_wconf 88' lang='lat' dir='ltr'><strong>animabus</strong></span> <span class='ocrx_word' id='word_1_204' title='bbox 1920 3889 2244 3966; x_wconf 89' lang='lat' dir='ltr'><strong>omnium,</strong></span> <span class='ocrx_word' id='word_1_205' title='bbox 2292 3907 2580 3970; x_wconf 91' lang='lat' dir='ltr'><strong>quorum</strong></span> <span class='ocrx_word' id='word_1_206' title='bbox 2636 3887 2734 3951; x_wconf 90' lang='lat' dir='ltr'><strong>ibi</strong></span> <span class='ocrx_word' id='word_1_207' title='bbox 2783 3908 3075 3971; x_wconf 88' lang='lat' dir='ltr'><strong>corpora</strong></span> 
     </span>
     <span class='ocr_line' id='line_1_31' title="bbox 1199 3987 3071 4071; baseline 0.002 -22"><span class='ocrx_word' id='word_1_208' title='bbox 1199 3987 1663 4068; x_wconf 89' lang='lat' dir='ltr'><strong>quiescebant,</strong></span> <span class='ocrx_word' id='word_1_209' title='bbox 1715 3994 1979 4070; x_wconf 90' lang='lat' dir='ltr'><strong>septem</strong></span> <span class='ocrx_word' id='word_1_210' title='bbox 2028 3988 2328 4071; x_wconf 85' lang='lat' dir='ltr'><strong>psalmos</strong></span> <span class='ocrx_word' id='word_1_211' title='bbox 2378 3987 2667 4052; x_wconf 87' lang='lat' dir='ltr'><strong>devotus</strong></span> <span class='ocrx_word' id='word_1_212' title='bbox 2711 3994 3071 4067; x_wconf 78' lang='lat' dir='ltr'><strong>cantaret3</strong></span> 
     </span>
     <span class='ocr_line' id='line_1_32' title="bbox 1197 4087 3074 4170; baseline 0.002 -22"><span class='ocrx_word' id='word_1_213' title='bbox 1197 4093 1386 4150; x_wconf 88' lang='lat' dir='ltr'><strong>caste</strong></span> <span class='ocrx_word' id='word_1_214' title='bbox 1445 4095 1777 4169; x_wconf 81' lang='lat' dir='ltr'><strong>praeterea</strong></span> <span class='ocrx_word' id='word_1_215' title='bbox 1837 4087 2037 4163; x_wconf 82' lang='lat' dir='ltr'><strong>vixit,</strong></span> <span class='ocrx_word' id='word_1_216' title='bbox 2103 4094 2175 4151; x_wconf 90' lang='lat' dir='ltr'><strong>et</strong></span> <span class='ocrx_word' id='word_1_217' title='bbox 2233 4088 2429 4151; x_wconf 91' lang='lat' dir='ltr'><strong>bonis</strong></span> <span class='ocrx_word' id='word_1_218' title='bbox 2485 4087 2808 4169; x_wconf 91' lang='lat' dir='ltr'><strong>operibus</strong></span> <span class='ocrx_word' id='word_1_219' title='bbox 2861 4096 3074 4170; x_wconf 87' lang='lat' dir='ltr'><strong>atque</strong></span> 
     </span>
     <span class='ocr_line' id='line_1_33' title="bbox 1196 4186 3071 4268; baseline 0.002 -20"><span class='ocrx_word' id='word_1_220' title='bbox 1196 4193 1454 4250; x_wconf 83' lang='lat' dir='ltr'><strong>sanctae</strong></span> <span class='ocrx_word' id='word_1_221' title='bbox 1475 4186 1806 4251; x_wconf 85' lang='lat' dir='ltr'><strong>doctrinae</strong></span> <span class='ocrx_word' id='word_1_222' title='bbox 1831 4187 2123 4251; x_wconf 89' lang='lat' dir='ltr'><strong>sollicite</strong></span> <span class='ocrx_word' id='word_1_223' title='bbox 2142 4187 2442 4251; x_wconf 90' lang='lat' dir='ltr'><strong>studium</strong></span> <span class='ocrx_word' id='word_1_224' title='bbox 2476 4186 2836 4268; x_wconf 89' lang='lat' dir='ltr'><strong>impendit.</strong></span> <span class='ocrx_word' id='word_1_225' title='bbox 2903 4187 3071 4251; x_wconf 78' lang='lat' dir='ltr'><strong>1)ae-</strong></span> 
     </span>
     <span class='ocr_line' id='line_1_34' title="bbox 1193 4286 3071 4369; baseline 0.002 -23"><span class='ocrx_word' id='word_1_226' title='bbox 1193 4303 1426 4349; x_wconf 93' lang='lat' dir='ltr'><strong>mones</strong></span> <span class='ocrx_word' id='word_1_227' title='bbox 1456 4306 1617 4351; x_wconf 87' lang='lat' dir='ltr'><strong>vero</strong></span> <span class='ocrx_word' id='word_1_228' title='bbox 1656 4288 1730 4350; x_wconf 90' lang='lat' dir='ltr'><strong>in</strong></span> <span class='ocrx_word' id='word_1_229' title='bbox 1772 4286 2058 4350; x_wconf 89' lang='lat' dir='ltr'><strong>concilio</strong></span> <span class='ocrx_word' id='word_1_230' title='bbox 2106 4305 2233 4351; x_wconf 92' lang='lat' dir='ltr'><strong>suo</strong></span> <span class='ocrx_word' id='word_1_231' title='bbox 2276 4287 2673 4351; x_wconf 87' lang='lat' dir='ltr'><strong>multotiens</strong></span> <span class='ocrx_word' id='word_1_232' title='bbox 2709 4288 3071 4369; x_wconf 90' lang='lat' dir='ltr'><strong>conquesti</strong></span> 
     </span>
     <span class='ocr_line' id='line_1_35' title="bbox 1193 4386 3068 4469; baseline 0.002 -22"><span class='ocrx_word' id='word_1_233' title='bbox 1193 4392 1357 4450; x_wconf 93' lang='lat' dir='ltr'><strong>sunt</strong></span> <span class='ocrx_word' id='word_1_234' title='bbox 1391 4386 1475 4450; x_wconf 91' lang='lat' dir='ltr'><strong>de</strong></span> <span class='ocrx_word' id='word_1_235' title='bbox 1507 4406 1614 4463; x_wconf 91' lang='lat' dir='ltr'><strong>eo,</strong></span> <span class='ocrx_word' id='word_1_236' title='bbox 1639 4386 1820 4469; x_wconf 90' lang='lat' dir='ltr'><strong>quod</strong></span> <span class='ocrx_word' id='word_1_237' title='bbox 1856 4386 2084 4450; x_wconf 89' lang='lat' dir='ltr'><strong>nullus</strong></span> <span class='ocrx_word' id='word_1_238' title='bbox 2114 4406 2349 4451; x_wconf 90' lang='lat' dir='ltr'><strong>eorum</strong></span> <span class='ocrx_word' id='word_1_239' title='bbox 2381 4404 2425 4449; x_wconf 90' lang='lat' dir='ltr'><strong>a</strong></span> <span class='ocrx_word' id='word_1_240' title='bbox 2455 4387 2810 4468; x_wconf 90' lang='lat' dir='ltr'><strong>proposito</strong></span> <span class='ocrx_word' id='word_1_241' title='bbox 2840 4388 3068 4468; x_wconf 89' lang='lat' dir='ltr'><strong>ipsum</strong></span> 
     </span>
    </p>
   </div>
   <div class='ocr_carea' id='block_1_5' title="bbox 1190 4559 3066 4695">
    <p class='ocr_par' dir='ltr' id='par_1_6' title="bbox 1190 4559 3066 4695">
     <span class='ocr_line' id='line_1_36' title="bbox 1262 4559 3066 4626; baseline 0.001 -14"><span class='ocrx_word' id='word_1_242' title='bbox 1262 4559 1547 4614; x_wconf 77' lang='lat' dir='ltr'><strong>¹Matildem</strong></span> <span class='ocrx_word' id='word_1_243' title='bbox 1566 4563 1609 4626; x_wconf 72' lang='grc' dir='ltr'><strong>ς]</strong></span> <span class='ocrx_word' id='word_1_244' title='bbox 1644 4563 1938 4612; x_wconf 78' lang='lat' dir='ltr'><strong>afterwards</strong></span> <span class='ocrx_word' id='word_1_245' title='bbox 1969 4577 2096 4611; x_wconf 87' lang='lat' dir='ltr'><strong>mar-</strong></span> <span class='ocrx_word' id='word_1_246' title='bbox 2146 4562 2229 4610; x_wconf 85' lang='lat' dir='ltr'><strong>the</strong></span> <span class='ocrx_word' id='word_1_247' title='bbox 2267 4562 2411 4623; x_wconf 88' lang='lat' dir='ltr'><strong>Lion,</strong></span> <span class='ocrx_word' id='word_1_248' title='bbox 2450 4562 2587 4610; x_wconf 84' lang='lat' dir='ltr'><strong>duke</strong></span> <span class='ocrx_word' id='word_1_249' title='bbox 2625 4562 2682 4611; x_wconf 79' lang='lat' dir='ltr'><strong>of</strong></span> <span class='ocrx_word' id='word_1_250' title='bbox 2719 4563 2925 4625; x_wconf 79' lang='lat' dir='ltr'><strong>Saxony</strong></span> <span class='ocrx_word' id='word_1_251' title='bbox 2962 4566 3066 4614; x_wconf 81' lang='lat' dir='ltr'><strong>and</strong></span> 
     </span>
     <span class='ocr_line' id='line_1_37' title="bbox 1190 4632 2902 4695; baseline 0.001 -15"><span class='ocrx_word' id='word_1_252' title='bbox 1190 4633 1298 4682; x_wconf 85' lang='lat' dir='ltr'><strong>ried</strong></span> <span class='ocrx_word' id='word_1_253' title='bbox 1322 4640 1373 4682; x_wconf 89' lang='lat' dir='ltr'><strong>to</strong></span> <span class='ocrx_word' id='word_1_254' title='bbox 1398 4634 1569 4695; x_wconf 82' lang='lat' dir='ltr'><strong>Hem-y</strong></span> <span class='ocrx_word' id='word_1_255' title='bbox 1585 4634 1668 4682; x_wconf 79' lang='lat' dir='ltr'><strong>the</strong></span> <span class='ocrx_word' id='word_1_256' title='bbox 1691 4633 2094 4695; x_wconf 81' lang='lat' dir='ltr'><strong>fifth,surnamed</strong></span> <span class='ocrx_word' id='word_1_257' title='bbox 2148 4633 2396 4694; x_wconf 75' lang='lat' dir='ltr'><strong>Bavaria3</strong></span> <span class='ocrx_word' id='word_1_258' title='bbox 2429 4633 2517 4682; x_wconf 83' lang='lat' dir='ltr'><strong>she</strong></span> <span class='ocrx_word' id='word_1_259' title='bbox 2540 4632 2655 4681; x_wconf 85' lang='lat' dir='ltr'><strong>died</strong></span> <span class='ocrx_word' id='word_1_260' title='bbox 2677 4633 2731 4680; x_wconf 91' lang='lat' dir='ltr'><strong>in</strong></span> <span class='ocrx_word' id='word_1_261' title='bbox 2756 4637 2902 4682; x_wconf 83' lang='lat'>1189.</span> 
     </span>
    </p>
   </div>
   <div class='ocr_carea' id='block_1_6' title="bbox 3439 3513 3449 4145">
    <p class='ocr_par' dir='ltr' id='par_1_7' title="bbox 3439 3513 3449 4145">
     <span class='ocr_line' id='line_1_38' title="bbox 3439 3513 3449 4145; baseline 0 0"><span class='ocrx_word' id='word_1_262' title='bbox 3439 3513 3449 4145; x_wconf 95' lang='lat' dir='ltr'><strong> </strong></span> 
     </span>
    </p>
   </div>
   <div class='ocr_carea' id='block_1_7' title="bbox 3436 4796 3452 5850">
    <p class='ocr_par' dir='ltr' id='par_1_8' title="bbox 3436 4796 3452 5850">
     <span class='ocr_line' id='line_1_39' title="bbox 3436 4796 3452 5850; baseline 0 0"><span class='ocrx_word' id='word_1_263' title='bbox 3436 4796 3452 5850; x_wconf 95' lang='lat' dir='ltr'><strong> </strong></span> 
     </span>
    </p>
   </div>
  </div>
 </body>
</html>
