3457 5887
1263 801 1349 866 84
1780 820 2041 868 nocem
2089 820 2184 869 nn
2228 820 2637 870 wnNnovnn

941 988 1183 1080 3323th
1265 977 1517 1059 capita,
1550 996 1705 1041 cum
1743 980 2146 1061 quibusdam
2190 982 2508 1064 captivis,
2541 980 2628 1045 ad
2660 981 3122 1063 imperatorem

938 1050 1237 1132 megum
1264 1077 1656 1158 dirigentes.

1684 1250 1784 1314 De
1812 1249 2173 1336 subsooeiono
2198 1260 2255 1316 et
2283 1252 2472 1317 ruina
2501 1253 2714 1317 turris.

939 1391 1233 1443 emotum
1362 1371 1499 1436 His
1529 1371 1631 1437 ita
1659 1374 1896 1456 gestis,
1926 1375 2184 1457 placuit
2215 1375 2632 1457 principibus
2677 1380 2755 1437 ut
2797 1373 3127 1455 petrarias

1261 1466 1598 1554 aliasque¹
1635 1473 1987 1538 machinas
2025 1474 2112 1537 ad
2154 1493 2386 1538 muros
2429 1475 2617 1538 urbis
2662 1472 3125 1555 applicarent;

1257 1570 1552 1653 dumque
1594 1572 1666 1635 in
1703 1572 1832 1636 hoc
1881 1573 2212 1638 attentius
2256 1573 2553 1637 artifices
2598 1573 3014 1647 laborarent,
3060 1580 3125 1634 et

1226 1671 1491 1749 ¹urbem
1542 1670 2009 1754 frequentibus
2063 1673 2581 1755 impugnassent
2632 1672 3127 1754 congressioni-

1257 1770 1410 1846 buS,
1471 1771 1808 1835 curriculo
1867 1778 2128 1855 septem
2187 1771 2785 1848 hebdomadarum,
2833 1769 3126 1853 quadam

1255 1868 1365 1932 die
1408 1870 1723 1935 condicto
1762 1871 1846 1935 de
1889 1891 2075 1935 more
2116 1871 2399 1949 insultu,
2432 1872 2604 1935 duos
2647 1871 2934 1945 nobiles,
2970 1869 3130 1932 Bal-

1256 1966 1594 2033 dewinum
1646 1969 1959 2036 videlicet
2014 1970 2352 2036 Calderon
2400 1977 2471 2035 et
2527 1968 3000 2034 Baldewinum
3047 1969 3126 2032 de

1257 2066 1469 2145 Gant,
1502 2088 1710 2131 unum
1745 2070 1943 2152 jactu
1985 2069 2315 2152 lapidum,
2352 2070 2640 2134 alterum
2673 2069 2875 2153 jactu
2916 2068 3124 2150 sagit-

1255 2173 1370 2243 tae,
1404 2167 1564 2231 dum
1605 2169 1976 2233 animosius
2012 2170 2085 2233 in
2127 2170 2314 2232 urbis
2357 2169 2866 2254 expugnatione
2900 2167 3123 2231 decer-

1253 2272 1506 2344 tarent,
1559 2269 1775 2331 nostri
1818 2269 2066 2333 misero
2110 2267 2484 2332 infortunio
2538 2267 2936 2331 amiserunt.
3043 2267 3120 2329 In

1253 2364 1388 2430 alio
1422 2386 1691 2449 quoque
1720 2367 2033 2431 similiter
2060 2367 2406 2444 conflictu,
2437 2366 2522 2431 de
2553 2367 2937 2450 principum
2967 2385 3121 2431 con·

1248 2465 1406 2530 cilio
1442 2467 1714 2543 iterato,
1749 2486 1974 2530 comes
2007 2466 2394 2531 Willelmus
2430 2465 2514 2530 de
2563 2467 2799 2530 Foreis
2843 2473 2916 2530 et
2948 2465 3123 2530 Galo

1249 2563 1334 2627 de
1407 2564 1647 2629 Insula
1712 2566 1987 2646 sagittis
2050 2566 2306 2630 confixi
2379 2567 2767 2631 ceciderunt
2802 2587 2821 2646 ;
2895 2564 3121 2629 Guido

1245 2671 1579 2744 praeterea
1624 2663 1710 2727 de
1761 2663 2114 2742 Possessa,
2154 2664 2261 2730 vir
2306 2666 2573 2743 nobiliS,
2617 2665 2869 2729 ibidem
2922 2684 3120 2729 carne

1244 2761 1510 2826 solutus
1562 2769 1689 2841 est,
1742 2765 1937 2844 gravi
1995 2763 2386 2829 infirmitate
2445 2773 2823 2848 correptus.
2930 2763 3117 2843 Qua-

1243 2861 1401 2925 dam
1430 2863 1676 2927 iterum
1705 2862 1838 2942 die,
1868 2864 2030 2927 dum
2063 2864 2402 2948 principes
2436 2865 2732 2929 universi
2765 2863 3116 2928 machinas

1243 2980 1406 3025 suas
1438 2964 1750 3028 certatim
1783 2964 1871 3028 ad
1900 2983 2168 3028 murum
2196 2965 2642 3047 applicarent,
2671 2983 2901 3029 comes
2937 2963 3117 3029 Her-

1244 3080 1532 3126 mannus
1554 3070 1625 3127 et
1652 3062 1725 3128 H
1731 3065 1996 3128 euricus
2016 3063 2102 3128 de
2123 3062 2382 3141 Ascba,
2403 3064 2836 3141 Theutonici,
2867 3064 3119 3127 instru-

1243 3169 1546 3226 mentum
1574 3163 1915 3244 quoddam
1947 3163 2118 3228 satis
2162 3154 2525 3227 artificiose
2564 3172 3117 3247 composuerunt,

1240 3260 1315 3324 iu
1362 3281 1498 3344 quo
1550 3261 1813 3343 equites
1857 3262 2102 3344 viginti
2155 3270 2635 3344 componentes
2702 3262 2790 3327 ad
2848 3281 3115 3326 murum

1242 3360 1742 3447 applicuerunt,
1806 3379 1959 3441 quae
2021 3361 2297 3426 tandem
2351 3362 2754 3445 [machina],
2799 3362 3115 3426 instanti-

1240 3458 1367 3521 bus
1398 3458 1485 3521 ad
1518 3457 2000 3536 defensionem,
2032 3480 2434 3543 mag-norum
2468 3461 2766 3545 impulsu
2809 3460 3114 3545 lapidum

1238 3555 1339 3619 ita
1380 3556 1677 3620 contrita
1724 3564 1854 3636 est,
1899 3566 1978 3623 ut
2024 3579 2141 3624 eos
2194 3561 2310 3643 qui
2360 3560 2539 3625 infra
2583 3568 2782 3625 erant
2830 3562 3117 3644 compri-

1239 3662 1453 3719 meret
1510 3656 1915 3738 universos3
1997 3658 2352 3724 fervebant
2414 3667 2641 3725 autem
2696 3660 2816 3725 alii
2869 3660 3114 3725 nihilo-

1239 3754 1461 3818 minus
1506 3756 1578 3820 in
1635 3775 1808 3839 opus
1872 3757 2242 3841 inceptum,
2292 3766 2363 3824 et
2407 3760 2700 3824 assiduis
2748 3759 3115 3824 insultibus

1239 3853 1539 3935 requiem
1603 3856 1866 3921 civibus
1923 3858 2439 3923 subtrahebant.
2550 3852 2815 3923 ²Lacus
2882 3866 3114 3924 tamen

1237 3951 1500 4017 civitati
1534 3954 1858 4039 adjacens
1898 3965 2284 4022 nostrorum
2330 3959 2674 4041 praecipue
2733 3958 3113 4043 praepedie-

1238 4050 1358 4114 bat
1394 4071 1592 4136 opus,
1628 4073 1787 4119 nam
1820 4056 2006 4122 cives
2036 4077 2158 4140 per
2191 4076 2345 4121 eum
2386 4057 2666 4122 liberius
2699 4058 3111 4147 navigantes

1305 4262 1320 4293 ¹
1338 4267 1567 4331 Aliaeque
1603 4264 1898 4339 machinam]
1949 4271 2046 4319 For
2080 4286 2144 4320 an
2263 4270 2285 4300 ²
2303 4272 2504 4337 Lucu]
2535 4273 2552 4301 ‘
2571 4273 2600 4322 Ι
2621 4271 3015 4323 cannotforbear
3035 4285 3112 4320 re-

1232 4343 1445 4386 aecount
1480 4338 1538 4387 of
1566 4339 1651 4387 the
1688 4341 1893 4401 engines
1930 4340 2055 4389 used
2091 4346 2144 4390 at
2194 4342 2422 4405 marking
2435 4343 2519 4392 the
2534 4343 2871 4393 resemblance
2883 4342 3108 4391 between

1231 4407 1413 4468 sieges,
1446 4412 1542 4457 etc.
1576 4410 1628 4457 in
1662 4409 1746 4458 the
1779 4410 1965 4459 middle
2003 4425 2141 4472 ages,
2191 4411 2274 4460 the
2305 4413 2442 4472 siege
2472 4412 2571 4462 and
2603 4413 2720 4462 lake
2737 4412 2799 4461 *os
2827 4412 2960 4461 Nice
2981 4410 3104 4459 with

1230 4491 1315 4525 see
1333 4477 1783 4541 Muratori‚Antiq.
1803 4479 1918 4529 Ital.
1944 4484 2060 4530 tom.
2086 4482 2139 4530 ii.
2189 4480 2272 4529 the
2302 4484 2585 4543 operatione
2612 4483 2671 4532 of
2692 4483 2901 4531 Hernan
2924 4480 3103 4531 Corte:

1231 4562 1282 4609 p.
1305 4551 1418 4611 452,
1439 4562 1564 4612 seqq.
2188 4549 2352 4599 before
2386 4552 2625 4603 Mexieo.'
2693 4552 2915 4612 Gibbon,
2949 4552 3019 4599 xi.
3052 4565 3103 4611 p.

2189 4622 2408 4681 ennete.
