3457 5887
862 806 1135 859 smnus
1179 794 1713 851 ms‘romanuu.
2102 764 2231 830 103

345 1000 553 1065 pans,
574 983 694 1041 aut
711 976 968 1038 intrare
988 967 1297 1033 volentes
1324 955 1569 1042 gladiis
1590 951 1986 1022 obtruncat,
2007 949 2132 1006 aut
2157 941 2231 1005 in
2255 954 2365 996 an.
2383 954 2493 994 nm

341 1079 693 1164 principes
736 1073 891 1138 illos
933 1069 1369 1149 insequentes
1407 1054 1627 1120 redire
1667 1047 2010 1133 perituros
2043 1060 2229 1105 com·
2252 1003 2553 1096 gemm·-

342 1180 589 1263 pellit3
643 1176 742 1239 sic
774 1190 940 1254 ergo
970 1187 1127 1233 cum
1157 1181 1284 1228 nec
1312 1159 1423 1223 hic
1464 1171 1592 1219 nec
1636 1147 1799 1214 alibi
1843 1141 2229 1228 principum

342 1281 676 1362 impetus,
718 1287 1058 1338 armorum
1101 1259 1527 1331 instantiam,
1556 1252 1870 1330 ictusque
1905 1244 2233 1323 importa-

345 1379 531 1443 biles
582 1375 917 1440 sustinere
961 1365 1221 1431 diutius
1272 1357 1602 1429 valerent,
1659 1344 1906 1412 salutis
1953 1339 2231 1404 unicum

346 1477 727 1543 remedium
755 1471 924 1552 fuga
954 1471 1126 1542 erat,
1159 1479 1296 1545 quo
1326 1449 1641 1521 frustrati
1678 1443 1953 1530 penitus
1986 1435 2233 1521 gladiis

374 2269 920 2356 praecipitaretur
967 2275 1201 2323 eorum
1260 2263 1584 2314 numerus
1646 2235 1978 2304 infinitus.
2079 2228 2246 2291 Dux

373 2387 649 2454 quoque
695 2359 1134 2434 Godefridus,
1184 2356 1551 2436 postquam
1602 2341 1676 2404 in
1742 2335 1874 2399 hoc
1927 2325 2248 2394 conflictu

370 2469 743 2533 multorum
786 2461 1018 2544 capita
1065 2453 1507 2520 loricatorum
1564 2441 1711 2504 sine
1769 2435 1950 2498 ictus
2001 2425 2250 2509 repeti·

369 2570 559 2635 tione
590 2565 797 2631 solita
826 2560 1042 2625 fultus
1075 2555 1334 2620 virtute
1367 2539 1872 2625 amputaverat,
1914 2545 2126 2592 unum
2161 2543 2250 2588 ex

371 2667 621 2732 Turcis
689 2665 762 2728 in
836 2664 1113 2724 nostros
1185 2643 1575 2735 protervius
1631 2637 2028 2704 instantem,
2091 2622 2252 2686 licet

373 2769 591 2832 lorica
626 2749 965 2835 indutum,
1008 2774 1131 2840 per
1172 2747 1472 2814 medium
1514 2757 1677 2804 cum>
1713 2729 1948 2815 gladio
1992 2722 2252 2799 divisit,

373 2868 478 2932 ita
506 2873 589 2929 ut
618 2880 783 2947 pars
814 2860 903 2923 ab
934 2851 1255 2920 umbilico
1290 2840 1602 2926 superior
1646 2834 1736 2899 ad
1770 2839 2024 2895 terram
2054 2821 2254 2885 cade-

374 2974 509 3043 ret,
570 2964 839 3046 reliqua
881 2962 1081 3041 parte
1126 2966 1334 3031 super
1392 2956 1669 3023 equum,
1712 2929 1826 2998 cui
1891 2920 2257 2996 insederat,

378 3067 569 3129 intra
607 3062 842 3126 urbem
868 3073 1074 3122 cursu
1117 3045 1357 3131 rapido
1396 3036 1831 3108 introducta3
1884 3039 2104 3107 equus
2136 3037 2257 3085 au-

382 3173 524 3229 tem
569 3157 940 3225 hinniendo
991 3154 1172 3217 inter
1213 3147 1481 3211 Tui-cos
1521 3136 1657 3201 huc
1697 3129 2025 3209 illucque,
2067 3137 2151 3182 ac
2198 3117 2258 3180 si

375 3261 722 3327 diabolica
745 3262 929 3322 esset
956 3254 1269 3317 invectus
1298 3240 1503 3317 furia,
1525 3236 1941 3302 discurrens,
1973 3216 2259 3285 sessoris

374 3380 630 3445 corpus
667 3360 755 3423 ab
793 3352 1116 3420 umbilico
1162 3346 1482 3410 deorsum
1539 3348 1810 3417 gerens,
1865 3337 2100 3388 omnes
2141 3315 2258 3399 qui

371 3462 701 3528 viderunt
727 3456 914 3521 illius
945 3451 1043 3516 rei
1073 3440 1445 3531 perterruit
1470 3432 1801 3500 novitate.
1856 3423 2026 3486 Dux
2055 3415 2257 3480 etiam

376 3561 943 3627 Normannorum
990 3548 1364 3618 Robertus,
1403 3536 1614 3602 alium
1659 3527 1792 3593 sibi
1821 3520 2022 3588 nimis
2051 3513 2259 3579 inses-

371 3670 529 3727 tum
581 3661 654 3723 in
709 3655 938 3738 capite
992 3644 1403 3734 percutiens,
1462 3630 1733 3716 galeam
1791 3629 1863 3687 et
1922 3618 2262 3701 clypeum,

374 3766 621 3843 caput,
657 3758 896 3821 dentes
941 3756 1014 3814 et
1055 3744 1330 3817 collum,
1379 3742 1459 3801 ut
1507 3730 1686 3796 solet
1728 3719 2004 3788 ovicula
2039 3734 2085 3778 a
2115 3730 2263 3775 car-

378 3859 614 3937 nifice,
660 3873 879 3938 usque
934 3849 1009 3912 in
1074 3850 1317 3929 pectus
1381 3835 1698 3898 deorsum
1762 3817 2057 3893 diffidit3
2126 3827 2266 3893 quo

379 4058 604 4124 tareis
663 4048 992 4119 ministris
1057 4043 1355 4108 animam
1412 4041 1603 4097 tuam
1663 4025 2014 4089 cruentam
2089 4026 2272 4073 com-

380 4153 684 4222 mendo?
778 4145 1199 4215 Ceciderunt
1229 4150 1503 4220 quoque
1536 4127 1660 4192 illa
1690 4122 1803 4185 die
1833 4135 1924 4182 ex
1963 4107 2272 4176 hostibus

384 4255 596 4339 quasi
627 4253 713 4317 ad
736 4251 874 4314 duo
903 4244 1118 4311 millia
1148 4238 1555 4304 Turcomm,
1576 4230 1672 4299 et,
1702 4218 1834 4283 nisi
1861 4232 2004 4278 nox
2035 4223 2272 4289 super·

386 4355 679 4420 veniens
715 4349 969 4415 bellum
1010 4336 1503 4420 dirempsisset,
1548 4324 1752 4388 finem
1787 4309 2026 4400 procul
2067 4301 2276 4369 dubio

388 4455 523 4519 illa
553 4454 666 4516 die
693 4443 1201 4515 Antiochenum
1234 4429 1584 4515 negotium
1613 4417 1990 4485 habuisset.
2073 4403 2277 4469 Com·

398 4560 670 4637 pertum
711 4554 816 4612 est
848 4544 1139 4609 fideliter
1182 4556 1226 4601 a
1271 4528 1523 4597 nostris
1568 4540 1692 4607 per
1743 4511 2057 4596 captivos
2102 4499 2280 4564 Tur·
