3457 5887
884 953 995 995 A-D.
1017 954 1130 996 117⁴.
1167 979 1175 986 .

883 1005 1168 1054 mammea

883 1056 1115 1097 “Cantet-

883 1106 1002 1155 bury.

1204 763 1338 831 3¹78
1714 779 1983 829 nocem
2031 780 2125 830 nn
2169 779 2580 830 wssnovua

1206 937 1599 1005 Cantuariae
1641 939 2287 1023 appropinquasset,
2319 958 2500 1023 equo
2529 937 2836 1004 desiliens
2865 947 2939 1005 et
2970 959 3080 1005 re·-

1203 1040 1389 1123 giam
1417 1040 1846 1125 majestatem
1880 1043 2163 1122 ‘prorsus
2193 1040 2567 1122 deponens,
2594 1039 2804 1104 nudus
2832 1040 3077 1123 pedes,

1202 1140 1444 1204 faciem
1494 1139 2018 1223 peregrinantia,
2061 1140 2462 1222 poenitentis
2513 1147 2588 1203 et
2633 1140 3078 1223 supplicantis

1202 1258 1581 1317 assumenS,
1614 1240 1820 1304 tertio
1851 1239 2006 1304 idus
2035 1238 2084 1303 J
2090 1238 2256 1317 unii,
2289 1238 2465 1304 feria
2487 1245 2713 1317 sexta,
2736 1239 2825 1303 ad
2856 1240 3078 1303 eccle-

1199 1340 1371 1403 siam
1408 1339 1740 1423 majorem
1771 1339 2108 1422 pervenit,
2138 1345 2211 1403 et
2242 1357 2398 1403 cum
2431 1338 2799 1422 gemitibus
2831 1345 2905 1402 et
2931 1358 3079 1403 sus-

1197 1439 1389 1521 piriis
1441 1438 1618 1504 alter
1661 1438 1994 1503 Ezechias
2042 1437 2687 1522 lachrymarumque
2730 1437 3078 1503 affluentia

1196 1539 1396 1621 petiit
1436 1536 1873 1621 sepulchrum
1904 1538 2225 1621 martyris
2264 1538 2571 1621 gloriosi,
2602 1539 2724 1602 ubi
2756 1544 2906 1602 toto
2932 1557 3074 1602 cor-

1195 1656 1362 1719 pore
1400 1644 1811 1720 prostratus,
1846 1638 2297 1720 manibusque
2333 1639 2408 1702 in
2445 1637 2694 1702 caelum
2726 1639 3068 1720 expausis,

1195 1737 1452 1801 diutius
1480 1738 1552 1802 in
1580 1738 1894 1802 oratione
1921 1739 2320 1821 permansit.
2369 1737 2657 1803 Interim
2685 1757 2806 1821 per
2830 1756 2907 1801 os
2927 1740 3067 1821 epi-

1194 1836 1385 1919 scopi
1439 1836 1964 1915 Londom'ensis,
2009 1857 2391 1902 sermonem
2439 1838 2528 1902 ad
2575 1837 2902 1920 populum
2940 1836 3062 1901 ha-

1194 1935 1442 2014 bentis,
1468 1956 1591 2001 rex
1618 1936 1844 2001 Deum
1872 1943 1945 2002 et
1971 1944 2341 2023 martyrem
2365 1938 2641 2002 beatum
2669 1938 2744 2000 in
2775 1938 3066 2000 animam

1193 2054 1391 2099 suam
1420 2035 1753 2102 invocans
1785 2037 2053 2120 publice
2075 2043 2500 2120 protestatus
2531 2043 2664 2114 est,
2686 2035 2874 2120 quod
2897 2055 3071 2100 mor-

1194 2142 1335 2199 tem
1376 2136 1697 2220 martyris
1742 2155 1869 2201 nec
1912 2135 2268 2201 mandavit
2315 2154 2442 2200 nec
2485 2135 2734 2213 voluit,
2773 2155 2905 2199 nec
2949 2154 3069 2200 suo

1194 2234 1486 2300 artificio
1536 2235 1985 2319 perquisivit3
2052 2235 2175 2300 sed
2233 2235 2553 2318 quoniam
2601 2234 3070 2299 interfectores

1194 2335 1516 2418 martyris
1565 2334 1847 2417 gloriosi
1902 2353 1991 2398 ex
2042 2335 2268 2399 verbis
2317 2334 2468 2418 ejus
2517 2354 2654 2399 non
2702 2334 2882 2398 satis
2941 2336 3070 2398 cir-

1191 2440 1581 2516 cumspecte
1638 2434 1926 2517 prolatis
1979 2434 2409 2500 occasionem
2462 2440 2890 2517 sumpserant
2954 2452 3069 2497 ar-

1191 2532 1695 2616 chiepiscopum
1743 2533 2142 2617 perimendi,
2193 2535 2282 2597 ab
2329 2534 2677 2617 episcopiS,
2718 2532 2839 2616 qui
2890 2539 3063 2597 tunc

1189 2639 1561 2714 praesentes
1604 2639 1827 2712 erant,
1865 2632 2361 2697 absolutionem
2399 2633 2613 2716 petiit,
2647 2650 3058 2715 carnemque

1185 2750 1383 2797 suam
1441 2731 1695 2796 nudam
1755 2732 2132 2815 disciplinae
2185 2732 2533 2815 virgarum
2583 2751 2971 2814 supponens
3016 2750 3063 2794 a

1190 2831 1478 2912 singulis
1509 2831 1676 2896 viris
1707 2832 2069 2915 religiosis,
2098 2850 2389 2916 quorum
2418 2830 2780 2895 multitudo
2808 2849 3065 2912 magna

1189 2937 1628 3010 convenerat,
1661 2931 1840 2996 ictus
1868 2939 2101 2997 ternos
2135 2932 2244 2996 vel
2272 2930 2516 3014 quinos
2541 2930 2838 3014 excepit.
2884 2928 3063 2994 Ves-

1190 3032 1373 3097 tibus
1410 3031 1623 3114 igitur
1655 3030 2046 3114 resumptis,
2087 3032 2480 3096 muneribus
2522 3030 2845 3114 pretiosis
2888 3050 3065 3094 mar-

1192 3138 1409 3216 tyrem
1439 3131 1826 3209 honoravit,
1861 3131 2222 3213 assignans
2255 3132 2535 3214 insuper
2568 3130 2784 3194 annui
2820 3149 3063 3193 census

1186 3231 1642 3313 quadraginta
1672 3230 1884 3296 libras
1910 3231 1999 3295 ad
2031 3231 2389 3295 luminaria
2414 3230 2596 3295 circa
2625 3229 3063 3313 sepulchrum

1187 3330 1508 3413 martyris
1540 3330 2027 3408 continuanda,
2056 3331 2528 3413 reliquumque
2557 3329 2694 3394 diei
2727 3349 2811 3394 ac
2843 3330 3063 3393 noctis

1186 3430 1535 3513 sequentis
1572 3429 1646 3493 in
1688 3430 2140 3495 amaritudine
2181 3431 2428 3494 mentis
2465 3430 2828 3511 transegit.
2893 3428 3063 3493 Ora-

1186 3529 1486 3593 tionibus
1528 3530 1765 3610 igitur,
1816 3528 2069 3611 vigiliis
2110 3536 2181 3594 et
2210 3529 2494 3614 jejuniis
2536 3527 2808 3594 deditus
2843 3548 3058 3611 usque

1184 3627 1256 3690 in
1286 3627 1464 3691 diem
1498 3628 1774 3693 tertium
1798 3628 1886 3692 ab
1912 3629 2253 3692 alimentis
2284 3629 2654 3710 abstinuit3
2687 3628 2869 3694 unde
2899 3629 3051 3691 bea·

1182 3733 1329 3791 tum
1367 3734 1738 3810 martyrem
1776 3728 1909 3793 sibi
1952 3727 2238 3793 reddens
2279 3728 2709 3811 placabilem,
2751 3730 2898 3812 ipso
2935 3726 3051 3790 die

1179 3826 1473 3904 sabbati,
1516 3846 1654 3909 quo
1703 3828 1836 3891 sibi
1887 3828 1974 3891 ab
2023 3847 2107 3892 eo
2155 3828 2649 3910 indulgentiam
2705 3828 2854 3894 dari
2893 3845 3055 3910 pos·

1181 3925 1471 4003 tulabat,
1504 3926 1790 3991 tradidit
1823 3926 2016 3991 Deus
2053 3920 2314 4010 ¹regem
2351 3928 2603 3993 Scotiae
2633 3927 3054 3992 Willelmum

1178 4025 1249 4089 in
1297 4045 1538 4089 manus
1579 4045 1767 4103 suas,
1806 4028 1989 4110 apud
2045 4027 2462 4092 Richemunt
2500 4028 2860 4092 castellum
2903 4047 3057 4091 cus-

1181 4125 1382 4189 todiae
1422 4126 1909 4209 mancipatum.
2013 4126 2180 4210 Ipso
2213 4129 2421 4192 etiam
2460 4127 2572 4192 die
2614 4127 2884 4192 sabbati
2926 4146 3047 4192 rex

1177 4225 1357 4289 filius
1391 4224 1564 4309 eJus,
1592 4226 1908 4304 navibuS,
1934 4245 2107 4308 quas
2141 4234 2682 4310 congregaverat
2709 4227 2799 4291 ad
2830 4235 3049 4291 trans·

1247 4403 1264 4435 ¹
1290 4407 1473 4468 Regem
1522 4403 1699 4454 Scotioe
1756 4398 2090 4472 witteham]
2142 4405 2310 4468 riding
2340 4409 2431 4455 out
2461 4405 2601 4465 early
2622 4405 2675 4453 in
2709 4404 2795 4453 the
2826 4404 3053 4465 moeuing

1180 4474 1264 4524 He
1285 4490 1394 4524 was
1423 4474 1577 4524 taken
1596 4489 1662 4524 on
1684 4473 1770 4523 the
1800 4473 1916 4522 leth
1943 4474 2091 4536 July,
2142 4475 2265 4524 with
2305 4476 2422 4536 only
2455 4489 2490 4523 a
2518 4474 2715 4522 slender
2750 4472 2933 4535 guard,
2961 4473 3050 4522 lib.

1178 4545 1445 4607 according
1486 4550 1537 4594 to
1583 4544 1876 4607 Buclmnan,
1918 4543 2089 4594 whilst
2140 4546 2227 4595 vii.
2292 4544 2622 4606 See‘l'yrrell,
2642 4544 2699 4593 ii.
2719 4559 2773 4605 p.
2797 4546 2911 4596 885.
