<?xml version="1.0" encoding="UTF-8"?>
<!DOCTYPE html PUBLIC "-//W3C//DTD XHTML 1.0 Transitional//EN"
    "http://www.w3.org/TR/xhtml1/DTD/xhtml1-transitional.dtd">
<html xmlns="http://www.w3.org/1999/xhtml" xml:lang="en" lang="en">
 <head>
  <title>
</title>
<meta http-equiv="Content-Type" content="text/html;charset=utf-8" />
  <meta name='ocr-system' content='tesseract 3.04.00' />
  <meta name='ocr-capabilities' content='ocr_page ocr_carea ocr_par ocr_line ocrx_word'/>
</head>
<body>
  <div class='ocr_page' id='page_1' title='image "./rogeridewendove00wendgoog_0389.png"; bbox 0 0 3457 5887; ppageno 0'>
   <div class='ocr_carea' id='block_1_1' title="bbox 864 783 2221 849">
    <p class='ocr_par' dir='ltr' id='par_1_1' title="bbox 864 783 2221 849">
     <span class='ocr_line' id='line_1_1' title="bbox 864 783 2221 849; baseline 0 -1"><span class='ocrx_word' id='word_1_1' title='bbox 864 799 1137 849; x_wconf 70' lang='lat' dir='ltr'>nones</span> <span class='ocrx_word' id='word_1_2' title='bbox 1183 798 1714 848; x_wconf 67' lang='lat' dir='ltr'>ms&#39;romARUM.</span> <span class='ocrx_word' id='word_1_3' title='bbox 2092 783 2221 848; x_wconf 77' lang='lat'>385</span> 
     </span>
    </p>
   </div>
   <div class='ocr_carea' id='block_1_2' title="bbox 349 955 2484 1437">
    <p class='ocr_par' dir='ltr' id='par_1_2' title="bbox 349 955 2484 1239">
     <span class='ocr_line' id='line_1_2' title="bbox 350 955 2484 1042; baseline -0.002 -21"><span class='ocrx_word' id='word_1_4' title='bbox 350 976 522 1042; x_wconf 87' lang='lat' dir='ltr'>quas</span> <span class='ocrx_word' id='word_1_5' title='bbox 575 956 707 1038; x_wconf 90' lang='lat' dir='ltr'>ipsi</span> <span class='ocrx_word' id='word_1_6' title='bbox 757 955 1148 1038; x_wconf 84' lang='lat' dir='ltr'>frequenter</span> <span class='ocrx_word' id='word_1_7' title='bbox 1188 955 1556 1020; x_wconf 87' lang='lat' dir='ltr'>intulerant</span> <span class='ocrx_word' id='word_1_8' title='bbox 1602 956 1857 1019; x_wconf 86' lang='lat' dir='ltr'>domini</span> <span class='ocrx_word' id='word_1_9' title='bbox 1905 956 2217 1019; x_wconf 88' lang='lat' dir='ltr'>castello·</span> <span class='ocrx_word' id='word_1_10' title='bbox 2243 972 2352 1017; x_wconf 63' lang='lat' dir='ltr'>Aa).</span> <span class='ocrx_word' id='word_1_11' title='bbox 2372 970 2484 1009; x_wconf 76' lang='lat'>1¹²⁶.</span> 
     </span>
     <span class='ocr_line' id='line_1_3' title="bbox 351 1042 2220 1137; baseline -0.002 -16"><span class='ocrx_word' id='word_1_12' title='bbox 351 1076 544 1136; x_wconf 85' lang='lat' dir='ltr'>rum3</span> <span class='ocrx_word' id='word_1_13' title='bbox 590 1054 833 1119; x_wconf 84' lang='lat' dir='ltr'>deinde</span> <span class='ocrx_word' id='word_1_14' title='bbox 870 1054 1048 1118; x_wconf 89' lang='lat' dir='ltr'>idem</span> <span class='ocrx_word' id='word_1_15' title='bbox 1087 1074 1238 1130; x_wconf 87' lang='lat' dir='ltr'>rex,</span> <span class='ocrx_word' id='word_1_16' title='bbox 1274 1073 1396 1137; x_wconf 89' lang='lat' dir='ltr'>per</span> <span class='ocrx_word' id='word_1_17' title='bbox 1435 1042 1791 1118; x_wconf 81' lang='lat' dir='ltr'>consilium</span> <span class='ocrx_word' id='word_1_18' title='bbox 1838 1054 1960 1118; x_wconf 85' lang='lat' dir='ltr'>filii</span> <span class='ocrx_word' id='word_1_19' title='bbox 2003 1055 2109 1118; x_wconf 90' lang='lat' dir='ltr'>sui</span> <span class='ocrx_word' id='word_1_20' title='bbox 2151 1063 2220 1118; x_wconf 88' lang='lat' dir='ltr'>et</span> 
     </span>
     <span class='ocr_line' id='line_1_4' title="bbox 349 1147 2220 1239; baseline -0.002 -19"><span class='ocrx_word' id='word_1_21' title='bbox 349 1156 845 1239; x_wconf 89' lang='lat' dir='ltr'>episcoporum,</span> <span class='ocrx_word' id='word_1_22' title='bbox 878 1154 1234 1219; x_wconf 82' lang='lat' dir='ltr'>constituit</span> <span class='ocrx_word' id='word_1_23' title='bbox 1284 1147 1300 1185; x_wconf 94' lang='lat'>¹</span> <span class='ocrx_word' id='word_1_24' title='bbox 1306 1154 1337 1237; x_wconf 91' lang='lat' dir='ltr'>j</span> <span class='ocrx_word' id='word_1_25' title='bbox 1345 1154 1726 1218; x_wconf 88' lang='lat' dir='ltr'>usticiarios</span> <span class='ocrx_word' id='word_1_26' title='bbox 1757 1173 1879 1235; x_wconf 88' lang='lat' dir='ltr'>per</span> <span class='ocrx_word' id='word_1_27' title='bbox 1908 1174 2033 1218; x_wconf 83' lang='lat' dir='ltr'>sex</span> <span class='ocrx_word' id='word_1_28' title='bbox 2061 1173 2220 1236; x_wconf 91' lang='lat' dir='ltr'>par-</span> 
     </span>
    </p>

    <p class='ocr_par' dir='ltr' id='par_1_3' title="bbox 352 1253 2222 1336">
     <span class='ocr_line' id='line_1_5' title="bbox 352 1253 2222 1336; baseline -0.002 -16"><span class='ocrx_word' id='word_1_29' title='bbox 352 1263 457 1320; x_wconf 89' lang='lat' dir='ltr'>tes</span> <span class='ocrx_word' id='word_1_30' title='bbox 496 1253 714 1335; x_wconf 84' lang='lat' dir='ltr'>regni,</span> <span class='ocrx_word' id='word_1_31' title='bbox 753 1254 826 1317; x_wconf 93' lang='lat' dir='ltr'>in</span> <span class='ocrx_word' id='word_1_32' title='bbox 864 1253 1171 1336; x_wconf 88' lang='lat' dir='ltr'>qualibet</span> <span class='ocrx_word' id='word_1_33' title='bbox 1209 1259 1404 1335; x_wconf 89' lang='lat' dir='ltr'>parte</span> <span class='ocrx_word' id='word_1_34' title='bbox 1443 1260 1603 1331; x_wconf 77' lang='lat' dir='ltr'>treS,</span> <span class='ocrx_word' id='word_1_35' title='bbox 1643 1253 1761 1335; x_wconf 89' lang='lat' dir='ltr'>qui</span> <span class='ocrx_word' id='word_1_36' title='bbox 1787 1253 2222 1336; x_wconf 86' lang='lat' dir='ltr'>juraverunt,</span> 
     </span>
    </p>

    <p class='ocr_par' dir='ltr' id='par_1_4' title="bbox 352 1351 2064 1437">
     <span class='ocr_line' id='line_1_6' title="bbox 352 1351 2064 1437; baseline -0.002 -19"><span class='ocrx_word' id='word_1_37' title='bbox 352 1354 535 1437; x_wconf 90' lang='lat' dir='ltr'>quod</span> <span class='ocrx_word' id='word_1_38' title='bbox 564 1352 840 1416; x_wconf 83' lang='lat' dir='ltr'>cuilibet</span> <span class='ocrx_word' id='word_1_39' title='bbox 862 1352 981 1437; x_wconf 86' lang='lat' dir='ltr'>jus</span> <span class='ocrx_word' id='word_1_40' title='bbox 1015 1371 1214 1416; x_wconf 90' lang='lat' dir='ltr'>suum</span> <span class='ocrx_word' id='word_1_41' title='bbox 1244 1359 1725 1416; x_wconf 82' lang='lat' dir='ltr'><strong>conservarent</strong></span> <span class='ocrx_word' id='word_1_42' title='bbox 1750 1351 2064 1416; x_wconf 83' lang='lat' dir='ltr'>illaesum.</span> 
     </span>
    </p>
   </div>
   <div class='ocr_carea' id='block_1_3' title="bbox 289 1520 2543 4088">
    <p class='ocr_par' dir='ltr' id='par_1_5' title="bbox 413 1520 2161 1707">
     <span class='ocr_line' id='line_1_7' title="bbox 413 1520 2161 1609; baseline -0.001 -22"><span class='ocrx_word' id='word_1_43' title='bbox 413 1524 626 1601; x_wconf 73' lang='lat' dir='ltr'>Petro,</span> <span class='ocrx_word' id='word_1_44' title='bbox 659 1523 947 1587; x_wconf 71' lang='lat' dir='ltr'>Romam</span> <span class='ocrx_word' id='word_1_45' title='bbox 973 1521 1130 1587; x_wconf 75' lang='lat' dir='ltr'>sedis</span> <span class='ocrx_word' id='word_1_46' title='bbox 1155 1520 1370 1608; x_wconf 76' lang='lat' dir='ltr'>leyato,</span> <span class='ocrx_word' id='word_1_47' title='bbox 1399 1544 1506 1586; x_wconf 67' lang='lat' dir='ltr'>rex</span> <span class='ocrx_word' id='word_1_48' title='bbox 1524 1523 1869 1608; x_wconf 68' lang='lat' dir='ltr'>Anytormn</span> <span class='ocrx_word' id='word_1_49' title='bbox 1897 1531 2161 1609; x_wconf 72' lang='lat' dir='ltr'>quatuor</span> 
     </span>
     <span class='ocr_line' id='line_1_8' title="bbox 984 1621 1584 1707; baseline -0.002 -21"><span class='ocrx_word' id='word_1_50' title='bbox 984 1621 1263 1707; x_wconf 75' lang='lat' dir='ltr'>capitula</span> <span class='ocrx_word' id='word_1_51' title='bbox 1292 1621 1584 1686; x_wconf 71' lang='lat' dir='ltr'><strong><em>concessit.</em></strong></span> 
     </span>
    </p>

    <p class='ocr_par' dir='ltr' id='par_1_6' title="bbox 289 1744 2543 4088">
     <span class='ocr_line' id='line_1_9' title="bbox 483 1744 2542 1827; baseline 0 -16"><span class='ocrx_word' id='word_1_52' title='bbox 483 1745 823 1811; x_wconf 81' lang='lat' dir='ltr'>Veniente</span> <span class='ocrx_word' id='word_1_53' title='bbox 875 1744 1108 1809; x_wconf 87' lang='lat' dir='ltr'>eodem</span> <span class='ocrx_word' id='word_1_54' title='bbox 1162 1751 1467 1827; x_wconf 90' lang='lat' dir='ltr'>tempore</span> <span class='ocrx_word' id='word_1_55' title='bbox 1526 1745 1596 1807; x_wconf 92' lang='lat' dir='ltr'>in</span> <span class='ocrx_word' id='word_1_56' title='bbox 1639 1744 1966 1827; x_wconf 81' lang='lat' dir='ltr'>Angliam</span> <span class='ocrx_word' id='word_1_57' title='bbox 2019 1746 2227 1811; x_wconf 87' lang='lat' dir='ltr'>Petro</span> <span class='ocrx_word' id='word_1_58' title='bbox 2252 1773 2478 1825; x_wconf 57' lang='lat' dir='ltr'>amnon</span> <span class='ocrx_word' id='word_1_59' title='bbox 2496 1773 2542 1812; x_wconf 76' lang='grc' dir='ltr'>οι</span> 
     </span>
     <span class='ocr_line' id='line_1_10' title="bbox 360 1824 2543 1927; baseline 0 -17"><span class='ocrx_word' id='word_1_60' title='bbox 360 1846 614 1922; x_wconf 86' lang='lat' dir='ltr'>Leone,</span> <span class='ocrx_word' id='word_1_61' title='bbox 662 1845 894 1926; x_wconf 83' lang='lat' dir='ltr'>legato</span> <span class='ocrx_word' id='word_1_62' title='bbox 955 1843 1135 1907; x_wconf 88' lang='lat' dir='ltr'>sedis</span> <span class='ocrx_word' id='word_1_63' title='bbox 1188 1844 1607 1926; x_wconf 70' lang='lat' dir='ltr'>apostolicae,</span> <span class='ocrx_word' id='word_1_64' title='bbox 1660 1854 1957 1927; x_wconf 88' lang='lat' dir='ltr'>quatuor</span> <span class='ocrx_word' id='word_1_65' title='bbox 1999 1847 2063 1909; x_wconf 88' lang='lat' dir='ltr'>ei</span> <span class='ocrx_word' id='word_1_66' title='bbox 2107 1865 2229 1910; x_wconf 84' lang='lat' dir='ltr'>rex</span> <span class='ocrx_word' id='word_1_67' title='bbox 2250 1824 2543 1925; x_wconf 41' lang='lat' dir='ltr'>mita-t..</span> 
     </span>
     <span class='ocr_line' id='line_1_11' title="bbox 359 1943 2232 2026; baseline -0.001 -17"><span class='ocrx_word' id='word_1_68' title='bbox 359 1944 699 2009; x_wconf 85' lang='lat' dir='ltr'>concessit</span> <span class='ocrx_word' id='word_1_69' title='bbox 741 1943 1065 2026; x_wconf 87' lang='lat' dir='ltr'>capitula,</span> <span class='ocrx_word' id='word_1_70' title='bbox 1099 1962 1254 2024; x_wconf 84' lang='lat' dir='ltr'>quae</span> <span class='ocrx_word' id='word_1_71' title='bbox 1291 1950 1696 2025; x_wconf 89' lang='lat' dir='ltr'>sequuntur,</span> <span class='ocrx_word' id='word_1_72' title='bbox 1733 1944 1805 2007; x_wconf 92' lang='lat' dir='ltr'>in</span> <span class='ocrx_word' id='word_1_73' title='bbox 1838 1964 2052 2025; x_wconf 87' lang='lat' dir='ltr'>regno</span> <span class='ocrx_word' id='word_1_74' title='bbox 2087 1943 2232 2009; x_wconf 88' lang='lat' dir='ltr'>An-</span> 
     </span>
     <span class='ocr_line' id='line_1_12' title="bbox 361 2041 2234 2125; baseline 0.001 -19"><span class='ocrx_word' id='word_1_75' title='bbox 361 2044 522 2125; x_wconf 83' lang='lat' dir='ltr'>gliae</span> <span class='ocrx_word' id='word_1_76' title='bbox 554 2041 1016 2122; x_wconf 83' lang='lat' dir='ltr'>observanda3</span> <span class='ocrx_word' id='word_1_77' title='bbox 1052 2041 1309 2119; x_wconf 92' lang='lat' dir='ltr'>Primo,</span> <span class='ocrx_word' id='word_1_78' title='bbox 1338 2042 1519 2124; x_wconf 88' lang='lat' dir='ltr'>quod</span> <span class='ocrx_word' id='word_1_79' title='bbox 1554 2042 1842 2106; x_wconf 90' lang='lat' dir='ltr'>clericus</span> <span class='ocrx_word' id='word_1_80' title='bbox 1872 2044 1957 2106; x_wconf 87' lang='lat' dir='ltr'>de</span> <span class='ocrx_word' id='word_1_81' title='bbox 1987 2050 2234 2108; x_wconf 80' lang='lat' dir='ltr'>caetero</span> 
     </span>
     <span class='ocr_line' id='line_1_13' title="bbox 362 2140 2236 2224; baseline 0 -18"><span class='ocrx_word' id='word_1_82' title='bbox 362 2162 503 2207; x_wconf 90' lang='lat' dir='ltr'>non</span> <span class='ocrx_word' id='word_1_83' title='bbox 547 2142 862 2205; x_wconf 88' lang='lat' dir='ltr'>trahatur</span> <span class='ocrx_word' id='word_1_84' title='bbox 904 2148 1062 2205; x_wconf 90' lang='lat' dir='ltr'>ante</span> <span class='ocrx_word' id='word_1_85' title='bbox 1106 2141 1408 2224; x_wconf 89' lang='lat' dir='ltr'>judicem</span> <span class='ocrx_word' id='word_1_86' title='bbox 1451 2140 1826 2205; x_wconf 86' lang='lat' dir='ltr'>secularem</span> <span class='ocrx_word' id='word_1_87' title='bbox 1868 2142 2236 2224; x_wconf 87' lang='lat' dir='ltr'>personali-</span> 
     </span>
     <span class='ocr_line' id='line_1_14' title="bbox 364 2239 2236 2324; baseline -0.001 -19"><span class='ocrx_word' id='word_1_88' title='bbox 364 2251 473 2305; x_wconf 87' lang='lat' dir='ltr'>ter</span> <span class='ocrx_word' id='word_1_89' title='bbox 530 2261 654 2324; x_wconf 93' lang='lat' dir='ltr'>pro</span> <span class='ocrx_word' id='word_1_90' title='bbox 704 2241 934 2323; x_wconf 88' lang='lat' dir='ltr'>aliquo</span> <span class='ocrx_word' id='word_1_91' title='bbox 989 2240 1266 2303; x_wconf 89' lang='lat' dir='ltr'>crimine</span> <span class='ocrx_word' id='word_1_92' title='bbox 1318 2239 1428 2304; x_wconf 80' lang='lat' dir='ltr'>vel</span> <span class='ocrx_word' id='word_1_93' title='bbox 1478 2241 2049 2322; x_wconf 79' lang='lat' dir='ltr'>transgressione,</span> <span class='ocrx_word' id='word_1_94' title='bbox 2100 2242 2236 2305; x_wconf 90' lang='lat' dir='ltr'>nisi</span> 
     </span>
     <span class='ocr_line' id='line_1_15' title="bbox 362 2338 2235 2423; baseline 0.001 -20"><span class='ocrx_word' id='word_1_95' title='bbox 362 2361 490 2423; x_wconf 87' lang='lat' dir='ltr'>pro</span> <span class='ocrx_word' id='word_1_96' title='bbox 524 2340 780 2404; x_wconf 88' lang='lat' dir='ltr'>foresta</span> <span class='ocrx_word' id='word_1_97' title='bbox 818 2347 888 2403; x_wconf 90' lang='lat' dir='ltr'>et</span> <span class='ocrx_word' id='word_1_98' title='bbox 925 2339 1101 2403; x_wconf 87' lang='lat' dir='ltr'>laico</span> <span class='ocrx_word' id='word_1_99' title='bbox 1144 2338 1367 2415; x_wconf 85' lang='lat' dir='ltr'>feodo,</span> <span class='ocrx_word' id='word_1_100' title='bbox 1412 2340 1594 2403; x_wconf 89' lang='lat' dir='ltr'>unde</span> <span class='ocrx_word' id='word_1_101' title='bbox 1632 2340 1782 2422; x_wconf 79' lang='lat' dir='ltr'>regi</span> <span class='ocrx_word' id='word_1_102' title='bbox 1813 2340 1924 2404; x_wconf 86' lang='lat' dir='ltr'>vel</span> <span class='ocrx_word' id='word_1_103' title='bbox 1967 2340 2086 2403; x_wconf 90' lang='lat' dir='ltr'>alii</span> <span class='ocrx_word' id='word_1_104' title='bbox 2120 2341 2235 2404; x_wconf 90' lang='lat' dir='ltr'>do-</span> 
     </span>
     <span class='ocr_line' id='line_1_16' title="bbox 363 2438 2237 2519; baseline -0.001 -16"><span class='ocrx_word' id='word_1_105' title='bbox 363 2440 548 2503; x_wconf 89' lang='lat' dir='ltr'>mino</span> <span class='ocrx_word' id='word_1_106' title='bbox 590 2439 880 2503; x_wconf 89' lang='lat' dir='ltr'>seculari</span> <span class='ocrx_word' id='word_1_107' title='bbox 928 2438 1177 2502; x_wconf 83' lang='lat' dir='ltr'>laicum</span> <span class='ocrx_word' id='word_1_108' title='bbox 1225 2438 1508 2503; x_wconf 89' lang='lat' dir='ltr'>debetur</span> <span class='ocrx_word' id='word_1_109' title='bbox 1551 2439 1945 2519; x_wconf 84' lang='lat' dir='ltr'>servitium3</span> <span class='ocrx_word' id='word_1_110' title='bbox 1992 2458 2237 2503; x_wconf 89' lang='lat' dir='ltr'>secun-</span> 
     </span>
     <span class='ocr_line' id='line_1_17' title="bbox 362 2536 2235 2621; baseline 0.001 -20"><span class='ocrx_word' id='word_1_111' title='bbox 362 2538 479 2615; x_wconf 88' lang='lat' dir='ltr'>do,</span> <span class='ocrx_word' id='word_1_112' title='bbox 508 2545 588 2602; x_wconf 90' lang='lat' dir='ltr'>ut</span> <span class='ocrx_word' id='word_1_113' title='bbox 621 2536 1273 2621; x_wconf 79' lang='lat' dir='ltr'>archiepiscopatus,</span> <span class='ocrx_word' id='word_1_114' title='bbox 1304 2539 1762 2620; x_wconf 87' lang='lat' dir='ltr'>episcopatus,</span> <span class='ocrx_word' id='word_1_115' title='bbox 1798 2538 1907 2601; x_wconf 87' lang='lat' dir='ltr'>vel</span> <span class='ocrx_word' id='word_1_116' title='bbox 1941 2538 2235 2602; x_wconf 82' lang='lat' dir='ltr'>abbatiae</span> 
     </span>
     <span class='ocr_line' id='line_1_18' title="bbox 363 2637 2235 2718; baseline -0.001 -17"><span class='ocrx_word' id='word_1_117' title='bbox 363 2657 502 2702; x_wconf 92' lang='lat' dir='ltr'>non</span> <span class='ocrx_word' id='word_1_118' title='bbox 552 2644 913 2703; x_wconf 87' lang='lat' dir='ltr'>teneantur</span> <span class='ocrx_word' id='word_1_119' title='bbox 953 2637 1024 2699; x_wconf 91' lang='lat' dir='ltr'>in</span> <span class='ocrx_word' id='word_1_120' title='bbox 1075 2656 1281 2700; x_wconf 90' lang='lat' dir='ltr'>manu</span> <span class='ocrx_word' id='word_1_121' title='bbox 1323 2637 1507 2718; x_wconf 81' lang='lat' dir='ltr'>regis</span> <span class='ocrx_word' id='word_1_122' title='bbox 1550 2638 1734 2701; x_wconf 91' lang='lat' dir='ltr'>ultra</span> <span class='ocrx_word' id='word_1_123' title='bbox 1779 2654 2058 2715; x_wconf 88' lang='lat' dir='ltr'>annum,</span> <span class='ocrx_word' id='word_1_124' title='bbox 2103 2638 2235 2700; x_wconf 88' lang='lat' dir='ltr'>nisi</span> 
     </span>
     <span class='ocr_line' id='line_1_19' title="bbox 363 2736 2233 2818; baseline -0.001 -19"><span class='ocrx_word' id='word_1_125' title='bbox 363 2756 493 2818; x_wconf 89' lang='lat' dir='ltr'>pro</span> <span class='ocrx_word' id='word_1_126' title='bbox 529 2755 738 2800; x_wconf 88' lang='lat' dir='ltr'>causa</span> <span class='ocrx_word' id='word_1_127' title='bbox 780 2736 1077 2800; x_wconf 88' lang='lat' dir='ltr'>evidenti</span> <span class='ocrx_word' id='word_1_128' title='bbox 1116 2736 1227 2800; x_wconf 86' lang='lat' dir='ltr'>vel</span> <span class='ocrx_word' id='word_1_129' title='bbox 1269 2736 1675 2800; x_wconf 85' lang='lat' dir='ltr'>necessitate</span> <span class='ocrx_word' id='word_1_130' title='bbox 1718 2743 2049 2816; x_wconf 84' lang='lat' dir='ltr'>urgente3</span> <span class='ocrx_word' id='word_1_131' title='bbox 2094 2742 2233 2800; x_wconf 90' lang='lat' dir='ltr'>ter-</span> 
     </span>
     <span class='ocr_line' id='line_1_20' title="bbox 365 2834 2234 2912; baseline 0.001 -14"><span class='ocrx_word' id='word_1_132' title='bbox 365 2835 466 2899; x_wconf 84' lang='lat' dir='ltr'>tio</span> <span class='ocrx_word' id='word_1_133' title='bbox 497 2836 854 2912; x_wconf 88' lang='lat' dir='ltr'>concessit,</span> <span class='ocrx_word' id='word_1_134' title='bbox 889 2842 968 2899; x_wconf 91' lang='lat' dir='ltr'>ut</span> <span class='ocrx_word' id='word_1_135' title='bbox 1000 2835 1470 2899; x_wconf 84' lang='lat' dir='ltr'>interfectores</span> <span class='ocrx_word' id='word_1_136' title='bbox 1504 2834 1903 2899; x_wconf 89' lang='lat' dir='ltr'>clericorum</span> <span class='ocrx_word' id='word_1_137' title='bbox 1938 2835 2234 2899; x_wconf 87' lang='lat' dir='ltr'>convicti</span> 
     </span>
     <span class='ocr_line' id='line_1_21' title="bbox 364 2932 2237 3018; baseline 0.001 -20"><span class='ocrx_word' id='word_1_138' title='bbox 364 2933 477 2999; x_wconf 82' lang='lat' dir='ltr'>vel</span> <span class='ocrx_word' id='word_1_139' title='bbox 504 2934 796 2999; x_wconf 87' lang='lat' dir='ltr'>confessi</span> <span class='ocrx_word' id='word_1_140' title='bbox 825 2953 1054 2999; x_wconf 86' lang='lat' dir='ltr'>coram</span> <span class='ocrx_word' id='word_1_141' title='bbox 1075 2932 1461 3018; x_wconf 88' lang='lat' dir='ltr'>justiciario</span> <span class='ocrx_word' id='word_1_142' title='bbox 1489 2934 1707 3015; x_wconf 83' lang='lat' dir='ltr'>regni,</span> <span class='ocrx_word' id='word_1_143' title='bbox 1734 2942 2072 3017; x_wconf 73' lang='lat' dir='ltr'>praesente</span> <span class='ocrx_word' id='word_1_144' title='bbox 2100 2934 2237 3017; x_wconf 87' lang='lat' dir='ltr'>epi-</span> 
     </span>
     <span class='ocr_line' id='line_1_22' title="bbox 362 3033 2236 3116; baseline -0.002 -17"><span class='ocrx_word' id='word_1_145' title='bbox 362 3053 597 3116; x_wconf 84' lang='lat' dir='ltr'>scop0,</span> <span class='ocrx_word' id='word_1_146' title='bbox 646 3035 1054 3116; x_wconf 85' lang='lat' dir='ltr'>puniantur;</span> <span class='ocrx_word' id='word_1_147' title='bbox 1107 3042 1378 3116; x_wconf 89' lang='lat' dir='ltr'>quarto,</span> <span class='ocrx_word' id='word_1_148' title='bbox 1430 3033 1610 3116; x_wconf 88' lang='lat' dir='ltr'>quod</span> <span class='ocrx_word' id='word_1_149' title='bbox 1661 3033 1890 3098; x_wconf 88' lang='lat' dir='ltr'>clerici</span> <span class='ocrx_word' id='word_1_150' title='bbox 1938 3033 2236 3098; x_wconf 88' lang='lat' dir='ltr'>duellum</span> 
     </span>
     <span class='ocr_line' id='line_1_23' title="bbox 365 3126 2238 3226; baseline 0 -31"><span class='ocrx_word' id='word_1_151' title='bbox 365 3132 588 3198; x_wconf 88' lang='lat' dir='ltr'>facere</span> <span class='ocrx_word' id='word_1_152' title='bbox 618 3152 753 3197; x_wconf 92' lang='lat' dir='ltr'>non</span> <span class='ocrx_word' id='word_1_153' title='bbox 782 3139 1142 3215; x_wconf 88' lang='lat' dir='ltr'>cogantur.</span> <span class='ocrx_word' id='word_1_154' title='bbox 1203 3132 1462 3196; x_wconf 88' lang='lat' dir='ltr'>Eodem</span> <span class='ocrx_word' id='word_1_155' title='bbox 1494 3152 1676 3197; x_wconf 89' lang='lat' dir='ltr'>anno</span> <span class='ocrx_word' id='word_1_156' title='bbox 1709 3126 1791 3197; x_wconf 68' lang='grc' dir='ltr'><strong>Ἰ</strong></span> <span class='ocrx_word' id='word_1_157' title='bbox 1797 3131 2069 3197; x_wconf 85' lang='lat' dir='ltr'>ohanna</span> <span class='ocrx_word' id='word_1_158' title='bbox 2096 3132 2238 3226; x_wconf 79' lang='lat' dir='ltr'>filia</span> 
     </span>
     <span class='ocr_line' id='line_1_24' title="bbox 366 3231 2236 3314; baseline -0.001 -19"><span class='ocrx_word' id='word_1_159' title='bbox 366 3233 574 3314; x_wconf 84' lang='lat' dir='ltr'>regis,</span> <span class='ocrx_word' id='word_1_160' title='bbox 620 3231 848 3296; x_wconf 91' lang='lat' dir='ltr'>Siculo</span> <span class='ocrx_word' id='word_1_161' title='bbox 892 3232 1037 3313; x_wconf 82' lang='lat' dir='ltr'>regi</span> <span class='ocrx_word' id='word_1_162' title='bbox 1079 3240 1400 3314; x_wconf 89' lang='lat' dir='ltr'>nuptura,</span> <span class='ocrx_word' id='word_1_163' title='bbox 1445 3232 1684 3314; x_wconf 89' lang='lat' dir='ltr'>quinto</span> <span class='ocrx_word' id='word_1_164' title='bbox 1731 3231 1884 3295; x_wconf 87' lang='lat' dir='ltr'>idus</span> <span class='ocrx_word' id='word_1_165' title='bbox 1933 3231 2236 3296; x_wconf 79' lang='lat' dir='ltr'>Novem·</span> 
     </span>
     <span class='ocr_line' id='line_1_25' title="bbox 363 3330 2241 3413; baseline 0 -20"><span class='ocrx_word' id='word_1_166' title='bbox 363 3332 510 3394; x_wconf 87' lang='lat' dir='ltr'>bris</span> <span class='ocrx_word' id='word_1_167' title='bbox 570 3331 750 3412; x_wconf 89' lang='lat' dir='ltr'>apud</span> <span class='ocrx_word' id='word_1_168' title='bbox 817 3338 1130 3395; x_wconf 87' lang='lat' dir='ltr'>sanctum</span> <span class='ocrx_word' id='word_1_169' title='bbox 1194 3331 1546 3413; x_wconf 82' lang='lat' dir='ltr'>AEgidium</span> <span class='ocrx_word' id='word_1_170' title='bbox 1591 3332 1662 3393; x_wconf 91' lang='lat' dir='ltr'>in</span> <span class='ocrx_word' id='word_1_171' title='bbox 1718 3338 2089 3413; x_wconf 89' lang='lat' dir='ltr'>conspectu</span> <span class='ocrx_word' id='word_1_172' title='bbox 2139 3330 2241 3394; x_wconf 79' lang='lat' dir='ltr'>vi-</span> 
     </span>
     <span class='ocr_line' id='line_1_26' title="bbox 364 3428 2238 3513; baseline 0.001 -21"><span class='ocrx_word' id='word_1_173' title='bbox 364 3449 599 3493; x_wconf 88' lang='lat' dir='ltr'>rorum</span> <span class='ocrx_word' id='word_1_174' title='bbox 640 3428 1009 3495; x_wconf 89' lang='lat' dir='ltr'>illustrium</span> <span class='ocrx_word' id='word_1_175' title='bbox 1054 3430 1308 3494; x_wconf 85' lang='lat' dir='ltr'>tradita</span> <span class='ocrx_word' id='word_1_176' title='bbox 1351 3437 1459 3494; x_wconf 90' lang='lat' dir='ltr'>est</span> <span class='ocrx_word' id='word_1_177' title='bbox 1496 3430 1786 3509; x_wconf 81' lang='lat' dir='ltr'>marit03</span> <span class='ocrx_word' id='word_1_178' title='bbox 1834 3449 1971 3513; x_wconf 88' lang='lat' dir='ltr'>quo</span> <span class='ocrx_word' id='word_1_179' title='bbox 2002 3431 2238 3512; x_wconf 90' lang='lat' dir='ltr'>utique</span> 
     </span>
     <span class='ocr_line' id='line_1_27' title="bbox 364 3526 2239 3612; baseline -0.001 -20"><span class='ocrx_word' id='word_1_180' title='bbox 364 3536 674 3612; x_wconf 86' lang='lat' dir='ltr'>tempore</span> <span class='ocrx_word' id='word_1_181' title='bbox 716 3530 1038 3593; x_wconf 86' lang='lat' dir='ltr'>universa</span> <span class='ocrx_word' id='word_1_182' title='bbox 1076 3526 1350 3610; x_wconf 81' lang='lat' dir='ltr'>Angliae</span> <span class='ocrx_word' id='word_1_183' title='bbox 1385 3529 1671 3594; x_wconf 88' lang='lat' dir='ltr'>castella</span> <span class='ocrx_word' id='word_1_184' title='bbox 1708 3537 1871 3593; x_wconf 89' lang='lat' dir='ltr'>sunt</span> <span class='ocrx_word' id='word_1_185' title='bbox 1904 3528 1991 3592; x_wconf 88' lang='lat' dir='ltr'>ad</span> <span class='ocrx_word' id='word_1_186' title='bbox 2027 3528 2239 3610; x_wconf 89' lang='lat' dir='ltr'>impe-</span> 
     </span>
     <span class='ocr_line' id='line_1_28' title="bbox 289 3626 2237 3711; baseline 0.001 -23"><span class='ocrx_word' id='word_1_187' title='bbox 289 3683 295 3688; x_wconf 88' lang='lat'>.</span> <span class='ocrx_word' id='word_1_188' title='bbox 361 3628 540 3691; x_wconf 89' lang='lat' dir='ltr'>rium</span> <span class='ocrx_word' id='word_1_189' title='bbox 572 3627 756 3708; x_wconf 82' lang='lat' dir='ltr'>regis</span> <span class='ocrx_word' id='word_1_190' title='bbox 794 3628 1122 3692; x_wconf 85' lang='lat' dir='ltr'>custodiae</span> <span class='ocrx_word' id='word_1_191' title='bbox 1156 3630 1505 3710; x_wconf 89' lang='lat' dir='ltr'>deputata.</span> <span class='ocrx_word' id='word_1_192' title='bbox 1578 3626 1738 3692; x_wconf 93' lang='lat' dir='ltr'>Hoc</span> <span class='ocrx_word' id='word_1_193' title='bbox 1769 3646 2038 3711; x_wconf 88' lang='lat' dir='ltr'>quoque</span> <span class='ocrx_word' id='word_1_194' title='bbox 2067 3635 2237 3691; x_wconf 90' lang='lat' dir='ltr'>tem-</span> 
     </span>
     <span class='ocr_line' id='line_1_29' title="bbox 360 3725 2239 3809; baseline -0.001 -19"><span class='ocrx_word' id='word_1_195' title='bbox 360 3746 530 3809; x_wconf 87' lang='lat' dir='ltr'>pore</span> <span class='ocrx_word' id='word_1_196' title='bbox 555 3726 967 3804; x_wconf 83' lang='lat' dir='ltr'>Willelmus,</span> <span class='ocrx_word' id='word_1_197' title='bbox 989 3746 1214 3791; x_wconf 91' lang='lat' dir='ltr'>comes</span> <span class='ocrx_word' id='word_1_198' title='bbox 1239 3725 1655 3803; x_wconf 83' lang='lat' dir='ltr'>Gloverniae,</span> <span class='ocrx_word' id='word_1_199' title='bbox 1678 3746 1829 3790; x_wconf 90' lang='lat' dir='ltr'>cum</span> <span class='ocrx_word' id='word_1_200' title='bbox 1864 3726 2077 3790; x_wconf 87' lang='lat' dir='ltr'>filium</span> <span class='ocrx_word' id='word_1_201' title='bbox 2103 3744 2239 3789; x_wconf 91' lang='lat' dir='ltr'>non</span> 
     </span>
     <span class='ocr_line' id='line_1_30' title="bbox 362 3824 2238 3907; baseline -0.001 -18"><span class='ocrx_word' id='word_1_202' title='bbox 362 3825 666 3902; x_wconf 87' lang='lat' dir='ltr'>haberet,</span> <span class='ocrx_word' id='word_1_203' title='bbox 699 3845 883 3907; x_wconf 79' lang='lat' dir='ltr'>aegre</span> <span class='ocrx_word' id='word_1_204' title='bbox 915 3825 1137 3889; x_wconf 87' lang='lat' dir='ltr'>ferens</span> <span class='ocrx_word' id='word_1_205' title='bbox 1168 3825 1635 3890; x_wconf 76' lang='lat' dir='ltr'>haereditatem</span> <span class='ocrx_word' id='word_1_206' title='bbox 1663 3827 1842 3889; x_wconf 87' lang='lat' dir='ltr'>inter</span> <span class='ocrx_word' id='word_1_207' title='bbox 1866 3825 2044 3889; x_wconf 88' lang='lat' dir='ltr'>filias</span> <span class='ocrx_word' id='word_1_208' title='bbox 2070 3824 2238 3889; x_wconf 84' lang='lat' dir='ltr'>divi-</span> 
     </span>
     <span class='ocr_line' id='line_1_31' title="bbox 365 3923 2238 4006; baseline -0.002 -17"><span class='ocrx_word' id='word_1_209' title='bbox 365 3925 679 3999; x_wconf 84' lang='lat' dir='ltr'>dendam,</span> <span class='ocrx_word' id='word_1_210' title='bbox 736 3924 782 3989; x_wconf 85' lang='lat' dir='ltr'>J</span> <span class='ocrx_word' id='word_1_211' title='bbox 787 3924 1124 3988; x_wconf 88' lang='lat' dir='ltr'>ohannem</span> <span class='ocrx_word' id='word_1_212' title='bbox 1182 3923 1554 3989; x_wconf 90' lang='lat' dir='ltr'>Sine-terra</span> <span class='ocrx_word' id='word_1_213' title='bbox 1611 3925 1790 4006; x_wconf 81' lang='lat' dir='ltr'>regis</span> <span class='ocrx_word' id='word_1_214' title='bbox 1845 3924 2058 3988; x_wconf 86' lang='lat' dir='ltr'>filium</span> <span class='ocrx_word' id='word_1_215' title='bbox 2108 3923 2238 3987; x_wconf 91' lang='lat' dir='ltr'>sibi</span> 
     </span>
     <span class='ocr_line' id='line_1_32' title="bbox 364 4018 1262 4088; baseline -0.004 0"><span class='ocrx_word' id='word_1_216' title='bbox 364 4018 754 4088; x_wconf 82' lang='lat' dir='ltr'>constituit³</span> <span class='ocrx_word' id='word_1_217' title='bbox 787 4043 1262 4088; x_wconf 84' lang='lat' dir='ltr'>successorem.</span> 
     </span>
    </p>
   </div>
   <div class='ocr_carea' id='block_1_4' title="bbox 362 4191 2247 4545">
    <p class='ocr_par' dir='ltr' id='par_1_7' title="bbox 362 4191 2247 4545">
     <span class='ocr_line' id='line_1_33' title="bbox 436 4191 2242 4264; baseline -0.002 -17"><span class='ocrx_word' id='word_1_218' title='bbox 436 4195 800 4249; x_wconf 56' lang='lat' dir='ltr'>masticina-ios.</span> <span class='ocrx_word' id='word_1_219' title='bbox 827 4200 851 4264; x_wconf 89' lang='grc'><strong>]</strong></span> <span class='ocrx_word' id='word_1_220' title='bbox 907 4200 1005 4249; x_wconf 86' lang='lat' dir='ltr'>For</span> <span class='ocrx_word' id='word_1_221' title='bbox 1047 4215 1079 4248; x_wconf 84' lang='lat' dir='ltr'>a</span> <span class='ocrx_word' id='word_1_222' title='bbox 1115 4200 1201 4249; x_wconf 77' lang='lat' dir='ltr'>list</span> <span class='ocrx_word' id='word_1_223' title='bbox 1234 4200 1292 4248; x_wconf 83' lang='lat' dir='ltr'>os</span> <span class='ocrx_word' id='word_1_224' title='bbox 1400 4197 1421 4228; x_wconf 82' lang='lat'><strong>³</strong></span> <span class='ocrx_word' id='word_1_225' title='bbox 1446 4200 1713 4249; x_wconf 71' lang='lat' dir='ltr'>Constituit</span> <span class='ocrx_word' id='word_1_226' title='bbox 1753 4191 2126 4263; x_wconf 61' lang='lat' dir='ltr'>successorem]</span> <span class='ocrx_word' id='word_1_227' title='bbox 2170 4198 2242 4244; x_wconf 87' lang='lat' dir='ltr'>At</span> 
     </span>
     <span class='ocr_line' id='line_1_34' title="bbox 364 4266 2241 4332; baseline -0.002 -15"><span class='ocrx_word' id='word_1_228' title='bbox 364 4268 449 4317; x_wconf 83' lang='lat' dir='ltr'>the</span> <span class='ocrx_word' id='word_1_229' title='bbox 485 4269 710 4318; x_wconf 80' lang='lat' dir='ltr'>districts</span> <span class='ocrx_word' id='word_1_230' title='bbox 733 4269 833 4317; x_wconf 79' lang='lat' dir='ltr'>and</span> <span class='ocrx_word' id='word_1_231' title='bbox 866 4269 949 4318; x_wconf 86' lang='lat' dir='ltr'>the</span> <span class='ocrx_word' id='word_1_232' title='bbox 971 4270 1162 4332; x_wconf 80' lang='lat' dir='ltr'>judges</span> <span class='ocrx_word' id='word_1_233' title='bbox 1194 4285 1286 4331; x_wconf 81' lang='lat' dir='ltr'>ap·</span> <span class='ocrx_word' id='word_1_234' title='bbox 1332 4269 1702 4331; x_wconf 58' lang='lat' dir='ltr'>Windsorasth</span> <span class='ocrx_word' id='word_1_235' title='bbox 1714 4270 2004 4331; x_wconf 84' lang='lat' dir='ltr'>September</span> <span class='ocrx_word' id='word_1_236' title='bbox 2011 4281 2027 4327; x_wconf 87' lang='lat'>;</span> <span class='ocrx_word' id='word_1_237' title='bbox 2041 4266 2241 4314; x_wconf 83' lang='lat' dir='ltr'>Diceto.</span> 
     </span>
     <span class='ocr_line' id='line_1_35' title="bbox 362 4333 2241 4401; baseline -0.003 -15"><span class='ocrx_word' id='word_1_238' title='bbox 362 4337 572 4399; x_wconf 83' lang='lat' dir='ltr'>pointed</span> <span class='ocrx_word' id='word_1_239' title='bbox 619 4340 672 4387; x_wconf 90' lang='lat' dir='ltr'>in</span> <span class='ocrx_word' id='word_1_240' title='bbox 709 4337 854 4400; x_wconf 81' lang='lat' dir='ltr'>each,</span> <span class='ocrx_word' id='word_1_241' title='bbox 871 4373 874 4378; x_wconf 76' lang='lat'>-</span> <span class='ocrx_word' id='word_1_242' title='bbox 894 4353 977 4388; x_wconf 78' lang='lat' dir='ltr'>see</span> <span class='ocrx_word' id='word_1_243' title='bbox 1023 4339 1288 4401; x_wconf 82' lang='lat' dir='ltr'>Hoveden,</span> <span class='ocrx_word' id='word_1_244' title='bbox 1334 4338 1418 4386; x_wconf 87' lang='lat' dir='ltr'>On</span> <span class='ocrx_word' id='word_1_245' title='bbox 1459 4338 1712 4387; x_wconf 81' lang='lat' dir='ltr'>condition</span> <span class='ocrx_word' id='word_1_246' title='bbox 1759 4338 1868 4386; x_wconf 80' lang='lat' dir='ltr'>that</span> <span class='ocrx_word' id='word_1_247' title='bbox 1910 4337 1974 4386; x_wconf 84' lang='lat' dir='ltr'>he</span> <span class='ocrx_word' id='word_1_248' title='bbox 2025 4333 2241 4382; x_wconf 80' lang='lat' dir='ltr'>married</span> 
     </span>
     <span class='ocr_line' id='line_1_36' title="bbox 362 4401 2247 4469; baseline -0.004 -12"><span class='ocrx_word' id='word_1_249' title='bbox 362 4421 418 4468; x_wconf 79' lang='lat' dir='ltr'>p.</span> <span class='ocrx_word' id='word_1_250' title='bbox 443 4411 557 4457; x_wconf 77' lang='lat'>648.</span> <span class='ocrx_word' id='word_1_251' title='bbox 1336 4406 1570 4469; x_wconf 77' lang='lat' dir='ltr'>Hawise,</span> <span class='ocrx_word' id='word_1_252' title='bbox 1631 4406 1715 4456; x_wconf 87' lang='lat' dir='ltr'>the</span> <span class='ocrx_word' id='word_1_253' title='bbox 1783 4401 1930 4456; x_wconf 76' lang='lat' dir='ltr'>earl’s</span> <span class='ocrx_word' id='word_1_254' title='bbox 1998 4406 2247 4465; x_wconf 76' lang='lat' dir='ltr'>youngest</span> 
     </span>
     <span class='ocr_line' id='line_1_37' title="bbox 435 4471 1902 4545; baseline 0.001 -21"><span class='ocrx_word' id='word_1_255' title='bbox 435 4473 456 4504; x_wconf 76' lang='lat'>²</span> <span class='ocrx_word' id='word_1_256' title='bbox 475 4471 753 4545; x_wconf 55' lang='lat' dir='ltr'>Julian]</span> <span class='ocrx_word' id='word_1_257' title='bbox 779 4477 982 4539; x_wconf 71' lang='lat' dir='ltr'>Hymet,</span> <span class='ocrx_word' id='word_1_258' title='bbox 1002 4478 1038 4528; x_wconf 92' lang='lat' dir='ltr'>i.</span> <span class='ocrx_word' id='word_1_259' title='bbox 1063 4492 1114 4538; x_wconf 87' lang='lat' dir='ltr'>p.</span> <span class='ocrx_word' id='word_1_260' title='bbox 1137 4480 1218 4526; x_wconf 78' lang='lat'>42.</span> <span class='ocrx_word' id='word_1_261' title='bbox 1336 4475 1615 4538; x_wconf 77' lang='lat' dir='ltr'>daughter3</span> <span class='ocrx_word' id='word_1_262' title='bbox 1641 4476 1902 4526; x_wconf 81' lang='lat' dir='ltr'>Hoveden.</span> 
     </span>
    </p>
   </div>
   <div class='ocr_carea' id='block_1_5' title="bbox 476 4642 1955 4715">
    <p class='ocr_par' dir='ltr' id='par_1_8' title="bbox 476 4642 1955 4715">
     <span class='ocr_line' id='line_1_38' title="bbox 476 4642 1955 4715; baseline -0.005 -4"><span class='ocrx_word' id='word_1_263' title='bbox 476 4664 634 4713; x_wconf 73' lang='lat' dir='ltr'>voi..</span> <span class='ocrx_word' id='word_1_264' title='bbox 669 4665 747 4715; x_wconf 90' lang='lat'>11.</span> <span class='ocrx_word' id='word_1_265' title='bbox 1840 4642 1884 4705; x_wconf 80' lang='lat'><strong>2</strong></span> <span class='ocrx_word' id='word_1_266' title='bbox 1917 4658 1955 4704; x_wconf 91' lang='lat' dir='ltr'>c</span> 
     </span>
    </p>
   </div>
  </div>
 </body>
</html>
