3457 5887
1139 817 1224 882 14
1645 833 1912 883 nocam
1959 834 2053 880 nn
2097 833 2505 882 wannovnn
2579 832 2584 835 ’

816 1009 926 1049 ω).
949 1010 1059 1051 ιοη.
1137 999 1250 1057 tus
1305 991 1590 1077 mystice
1640 992 1763 1056 illa
1820 991 2149 1069 vivificat,
2204 1011 2331 1055 nec
2375 992 2706 1056 bonorum
2752 988 3008 1055 meritis

1137 1092 1664 1175 amplificantur,
1698 1112 1824 1156 nec
1852 1092 2152 1174 peccatis
2178 1091 2508 1154 malorum
2544 1098 3008 1154 attenuantur.

1138 1191 1249 1255 Ex
1282 1211 1421 1274 qua
1463 1211 1537 1254 re
1575 1198 1718 1255 tam
1765 1210 1976 1273 grave
2020 1192 2238 1255 oritur
2273 1190 2696 1266 scandalum,
2733 1197 2814 1253 ut
2859 1189 3008 1252 nul-

1137 1290 1271 1353 lius
1310 1289 1589 1354 haeresis
1632 1298 1767 1354 tem
1775 1310 1937 1372 pore
1983 1297 2223 1354 sancta
2260 1288 2549 1353 ecclesia
2579 1289 2880 1371 graviori
2918 1289 3007 1353 sit

1138 1388 1502 1453 schismate
1546 1389 1856 1466 discissa,
1910 1388 2017 1453 his
2062 1409 2189 1472 pro
2231 1388 2531 1472 justitia,
2586 1388 2721 1451 illis
2770 1394 3007 1451 contra

1130 1487 1471 1570 justitiam
1524 1490 1932 1571 agentibus3
1986 1508 2190 1571 porro
2231 1489 2470 1571 paucis
2522 1487 3005 1551 continentiam

1136 1587 1682 1665 observantibuS,
1714 1588 2056 1669 aliquibus
2095 1607 2247 1652 eam
2280 1606 2491 1651 causa
2533 1586 2704 1650 lucri
2742 1605 2826 1650 ac
2860 1585 3005 1669 jac-

1137 1688 1377 1752 tantiae
1422 1687 1927 1763 simulantibus,
1970 1687 2204 1751 multis
2253 1685 2811 1750 incontinentiam
2855 1704 3005 1766 per-

1128 1785 1315 1869 jurio
1374 1786 1842 1869 multipliciori
1896 1785 2231 1850 adulterio
2288 1785 2845 1849 cumulantibus:
2918 1784 3005 1847 ad

1136 1883 1307 1962 haec,
1325 1885 1456 1949 hac
1472 1886 1982 1969 opportunitate
2011 1884 2204 1949 laicis
2230 1885 2739 1966 insurgentibus
2768 1890 3006 1947 contra

1136 2003 1368 2049 sacros
1410 1984 1705 2062 ordines,
1751 1992 1821 2049 et
1863 2004 1939 2048 se
1981 1986 2068 2048 ab
2111 1984 2294 2049 omni
2342 1983 2805 2048 ecclesiastica
2846 1984 3004 2045 sub-

1127 2082 1431 2166 jectione
1460 2084 1986 2161 excutientibus,
2017 2083 2175 2147 laici
2204 2102 2403 2147 sacra
2439 2082 2767 2166 mysteria
2797 2088 3004 2145 teme·

1137 2190 1295 2246 rant
1337 2191 1408 2247 et
1440 2183 1523 2247 de
1566 2181 1672 2245 his
1703 2182 2081 2265 disputant,
2112 2181 2411 2246 infantes
2448 2182 2825 2264 baptizant,
2859 2199 3003 2243 sor-

1135 2280 1294 2346 dido
1324 2282 1588 2346 aurium
1620 2281 1902 2346 humore
1939 2301 2065 2364 pro
2103 2300 2297 2345 sacro
2329 2281 2696 2345 chrismate
2733 2286 3003 2343 utentes

1136 2388 1204 2444 et
1246 2381 1422 2458 oleo,
1454 2382 1526 2444 in
1569 2388 1876 2445 extremo
1905 2382 2068 2446 vitae
2098 2380 2425 2444 viaticum
2458 2380 2894 2444 Dominicum
2937 2386 3005 2442 et

1134 2481 1464 2545 usitatum
1507 2480 1812 2545 ecclesiae
1869 2480 2266 2561 obsequium
2313 2479 2684 2562 sepulturae
2729 2497 2773 2542 a
2818 2497 3004 2560 pres-

1133 2578 1393 2661 byteris
1426 2579 1739 2642 uxoratis
1774 2579 2080 2660 accipere
2118 2578 2662 2661 parvipendunt3
2709 2578 3004 2641 decimas

1135 2676 1343 2740 etiam
1387 2678 1802 2760 presbyteris
1855 2678 2120 2741 debitas
2176 2678 2336 2758 igne
2384 2683 2715 2754 cremant,
2758 2695 3003 2759 corpus

1134 2774 1412 2839 Domini
1456 2794 1500 2839 a
1540 2776 1954 2860 presbyteris
2009 2776 2324 2841 uxoratis
2371 2784 2838 2841 consecratum
2883 2796 3002 2858 pe-

1128 2872 1329 2938 dibus
1389 2894 1574 2959 soepe
1625 2875 2052 2953 conculcant,
2102 2876 2503 2958 sanguinem
2555 2876 2835 2940 Domini
2884 2894 3002 2940 vo-

1131 2973 1426 3039 luntarie
1459 2975 1850 3059 frequenter
1880 2976 1954 3040 in
1989 2983 2240 3040 terram
2269 2975 2649 3041 effundunt.

1356 3200 1455 3266 Do
1481 3200 1926 3287 conspiratione
1952 3209 2306 3285 maymatwm
2333 3208 2546 3265 contra
2574 3222 2767 3286 reqem

1877 3299 2271 3363 Willebmwm.

810 3433 1059 3524 (ἐσπίπτων
1230 3421 1489 3486 Eodem
1540 3441 1721 3487 anno
1771 3441 1998 3487 comes
2051 3417 2453 3501 ¹Radulfu8‚
2497 3425 2609 3488 cui
2665 3445 2788 3489 rex
2830 3427 3007 3492 Wil-

808 3494 1005 3573 &mm
1128 3520 1375 3584 lelmus
1421 3519 1702 3586 dederat
1748 3521 2161 3604 Est-angliae
2216 3523 2670 3601 consulatum,
2721 3526 3004 3590 consilio

1128 3620 1448 3685 Welteofi
1490 3629 1560 3685 et
1610 3620 1870 3702 Rogeri
1920 3623 2268 3698 comitum,
2312 3641 2541 3705 regem
2584 3623 3003 3688 Willelmum

1127 3740 1170 3785 a
1222 3739 1435 3802 regno
1481 3720 1824 3803 expellere
1865 3721 2260 3785 moliuntur.
2362 3721 2586 3786 Duxit
2632 3724 2811 3786 enim
2860 3724 3006 3789 Ra-

1126 3819 1353 3884 dulfus
1401 3839 1702 3885 sororem
1749 3819 2019 3902 praefati
2060 3819 2318 3901 Rogeri
2366 3822 2656 3899 comitiS‚
2695 3823 2766 3886 in
2806 3824 3001 3907 cujus

1126 3919 1383 4002 nuptiis
1445 3918 1621 3983 hanc
1693 3919 2145 4001 proditionem
2201 3918 2426 3984 facere
2493 3921 2998 4005 conspirabant.

1190 4189 1209 4223 ¹
1234 4192 1518 4256 lindulfum]
1553 4192 1719 4254 Ralph
1743 4193 1807 4241 de
1828 4191 2036 4252 Waher,
2082 4190 2224 4253 riage
2258 4206 2367 4240 was
2411 4193 2713 4242 solemnized
2749 4194 2875 4244 with
2917 4194 3000 4243 the

1120 4278 1177 4311 or
1197 4262 1425 4323 Gnader,
1440 4262 1545 4310 carl
1567 4262 1625 4311 of
1643 4261 1877 4311 Norfolk.
1951 4261 2035 4310 He
2083 4256 2252 4322 king’s
2274 4267 2477 4310 consent
2497 4267 2551 4311 at
2573 4263 2831 4313 Norwich.
2889 4265 3000 4313 Flo·

1118 4332 1335 4381 married
1373 4333 1568 4391 Emma,
1602 4332 1750 4380 sister
1777 4331 1835 4379 of
1868 4330 2037 4392 Roger
2082 4345 2228 4380 rence
2252 4332 2512 4392 expressly
2528 4337 2683 4382 states
2703 4332 2812 4381 that
2831 4335 2872 4382 it
2892 4348 2999 4383 was

1119 4402 1184 4450 de
1202 4401 1445 4460 Breteuil,
1461 4401 1565 4448 carl
1581 4400 1639 4450 of
1656 4400 2034 4462 Hereford,and
2083 4400 2281 4462 against
2324 4400 2408 4449 the
2452 4401 2620 4464 king's
2663 4401 2853 4463 orders,
2899 4404 2999 4452 and

1118 4469 1367 4531 daughter
1377 4469 1436 4518 of
1443 4469 1658 4518 william
1669 4471 1780 4518 Fit:
1791 4470 2036 4531 osberne,
2083 4469 2191 4518 that
2223 4471 2264 4517 it
2289 4469 2408 4518 took
2442 4471 2586 4532 place
2623 4477 2677 4521 at
2709 4472 2913 4535 Ixning,
2945 4474 2997 4522 in

1119 4542 1225 4590 earl
1251 4539 1309 4587 οἷ
1326 4538 1594 4588 Hereford.
1665 4538 1952 4599 According
1984 4543 2035 4588 to
2083 4538 2534 4601 Cambridgeshire.

1116 4610 1201 4660 the
1239 4610 1406 4658 Saxon
1446 4607 1725 4671 Chronicle,
1762 4608 1862 4657 this
1906 4622 2035 4656 mar·
