3457 5887
860 803 1134 853 enonas
1181 802 1712 852 msromAnuM.
2110 790 2237 855 175

349 960 484 1026 tuit
540 961 635 1024 ibi
697 961 1281 1044 archiepiscopum
1343 960 1815 1025 Baldewinum
1870 962 2235 1044 quendam,
2263 981 2368 1021 ω).
2393 982 2500 1019 nos.

348 1060 469 1143 qui
515 1080 670 1124 cum
714 1060 885 1125 duce
912 1061 1288 1126 Godefrido
1334 1061 1499 1125 illuc
1541 1061 1942 1138 advenerat,
1989 1070 2082 1140 et,
2127 1083 2235 1127 re·

346 1161 517 1224 licto
549 1160 638 1224 ad
675 1161 1058 1225 custodiam
1097 1161 1399 1226 civitatis
1445 1161 1764 1243 praesidio
1808 1161 2113 1239 militari,
2146 1162 2232 1226 ad

350 1260 726 1324 Ramnlam
758 1260 1133 1326 festinavit.
1236 1260 1436 1324 Misit
1463 1279 1546 1324 eo
1578 1268 1883 1343 tempore
1906 1260 2234 1344 Caliphus

353 1361 648 1442 AEgypti
712 1360 1085 1444 principem
1144 1361 1408 1424 militiae
1483 1380 1626 1425 suae
1695 1368 1937 1424 contra
2004 1380 2234 1442 regem

353 1460 828 1524 Baldewinum
883 1480 1038 1524 cum
1100 1460 1417 1524 undecim
1469 1460 1770 1523 millibus
1815 1461 2121 1543 equitum
2165 1469 2234 1525 et

353 1559 607 1640 viginti
649 1560 944 1623 millibus
974 1560 1305 1643 peditum,
1338 1561 1766 1643 praecipiens,
1797 1567 1877 1623 ut
1906 1561 2235 1643 populum

350 1660 628 1741 inopem
662 1666 733 1722 et
760 1659 1140 1724 mendicum
1181 1679 1224 1722 a
1267 1660 1436 1736 suiS‚
1479 1667 1559 1723 ut
1601 1660 1944 1736 dicebant,
1988 1660 2236 1724 finibus

350 1759 881 1842 propulsarent3
945 1778 1117 1841 quos
1162 1778 1316 1823 cum
1352 1778 1477 1822 rex
1506 1759 1828 1823 advenire
1871 1761 2234 1841 cognovis-

347 1867 488 1935 set,
519 1859 829 1923 obviavit
854 1858 992 1922 illis
1020 1855 1395 1941 intrepidus
1429 1877 1583 1922 cum
1609 1859 1953 1941 equitibus
1985 1860 2237 1923 ducen-

349 1959 450 2022 tis
493 1965 565 2022 et
606 1958 976 2039 sexaginta
1031 1965 1102 2022 et
1153 1958 1498 2040 peditibus
1542 1958 1930 2040 nongentis,
1992 1966 2085 2036 et,
2129 1961 2233 2023 in-

352 2064 614 2122 vocato
648 2056 735 2120 de
772 2058 1084 2139 supernis
1123 2058 1410 2134 auxilie,
1447 2056 1736 2122 viriliter
1775 2058 2119 2122 irruerunt
2164 2061 2234 2122 in

356 2157 627 2233 hostes,
657 2156 902 2238 quibus
935 2157 1006 2219 in
1036 2155 1270 2239 fugam
1308 2157 1702 2238 compulsis,
1745 2158 2037 2221 insecuti
2077 2169 2237 2223 sunt

366 2276 491 2320 eos
535 2255 770 2320 fideles
807 2274 1022 2339 usque
1050 2254 1487 2333 Ascalonem,
1529 2263 1830 2338 stragem
1878 2266 2239 2340 operantes

360 2374 511 2419 -non
562 2355 897 2419 modicam
952 2375 1074 2439 per
1131 2362 1287 2421 octo
1348 2354 1692 2434 milliaria,
1752 2363 1823 2420 et
1874 2365 2076 2421 nocte
2122 2357 2241 2421 illa

366 2457 664 2519 victores
696 2455 766 2518 in
794 2456 1287 2538 campestribus
1317 2455 1748 2538 quieverunt.
1835 2454 2244 2521 Ceciderunt

358 2573 639 2638 quoque
665 2574 755 2621 ex
778 2554 1090 2619 hostibus
1121 2556 1421 2638 quinque
1454 2556 1669 2619 millia
1699 2555 2024 2632 virorum,
2053 2564 2124 2620 et
2153 2576 2241 2621 ex

364 2654 621 2719 nostris
652 2655 916 2738 equites
948 2656 1416 2738 septuaginta,
1433 2655 1697 2737 pedites
1727 2662 1959 2719 autem
1988 2655 2241 2738 plures,

358 2773 659 2836 quorum
717 2761 949 2819 tamen
1021 2762 1249 2819 certus
1324 2775 1645 2819 numerus
1716 2774 1856 2819 non
1930 2755 2243 2821 habetur.

369 2853 806 2938 Principibus
856 2854 1130 2918 interim
1173 2853 1567 2932 occidentis,
1609 2855 1695 2918 de
1738 2854 1989 2937 quibus
2034 2870 2246 2939 supra

368 2953 753 3031 retulimuS,
781 2954 1333 3038 Hierosolymam
1365 2955 1870 3034 festinantibus,
1907 2975 2031 3019 rex
2075 2956 2246 3021 Hie-

370 3053 674 3117 rusalem
709 3054 978 3118 obviam
1010 3055 1109 3119 eis
1138 3055 1508 3119 adveniens
1550 3057 1623 3120 in
1661 3062 1972 3119 sanctam
2003 3055 2244 3121 civita-

366 3160 516 3216 tem
549 3172 701 3218 cum
735 3155 987 3235 gaudio
1015 3155 1421 3219 introduxit.

534 3326 707 3405 Quod
735 3348 843 3390 rex
868 3327 1177 3391 Henricus
1206 3336 1405 3390 terras
1435 3324 1687 3389 Boberti
1697 3326 1948 3409 fratris
1979 3329 2079 3390 sui

1092 3424 1516 3511 amputatur

475 3547 687 3613 Anno
763 3550 1042 3614 Domini
1117 3566 1316 3613 Μοιν.
1393 3548 1694 3613 surrexit
1766 3550 1944 3613 inter
2015 3567 2243 3631 regem
2270 3567 2379 3606 Α..ι>
2403 3567 2513 3605 ιιω.

365 3649 756 3713 Henricum
799 3657 869 3714 et
915 3649 1297 3714 Robertum
1349 3648 1795 3713 Normanniae
1831 3650 2070 3713 ducem
2104 3649 2244 3712 fra-
2270 3617 2526 3756 nniopzssssw

361 3758 537 3826 tres,
571 3748 798 3815 causis
831 3748 1432 3826 intercedentibus,
1461 3748 1827 3826 discordia,
1872 3748 2054 3812 unde
2096 3768 2247 3825 rex,
2271 3727 2370 3757 '¹¹⁸⁰
2398 3727 2426 3766 ¹

361 3850 584 3912 missa
613 3850 686 3912 in
708 3848 1203 3913 Nol-manniam
1229 3848 1666 3932 expeditione
1691 3848 1999 3925 militari,
2032 3866 2249 3930 eaque

363 3969 410 4015 a
453 3949 868 4033 quibusdam
907 3948 1370 4031 proditoribus
1412 3949 1607 4012 ducis
1658 3955 1957 4030 recepta,
1998 3947 2249 4029 praedis

365 4057 437 4113 et
508 4049 1089 4113 combustionibus
1147 4067 1284 4112 non
1344 4049 1682 4113 modicam
1734 4045 1999 4119 cladem
2047 4047 2250 4110 rebus

364 4147 573 4212 ducis
629 4148 857 4212 subito
905 4147 1326 4229 intulerunt3
1393 4142 1545 4212 ¹sed
1582 4146 1997 4224 Willelmus,
2022 4165 2250 4211 comes

360 4248 772 4326 ‘Moretonii,
803 4266 1013 4312 causa
1043 4248 1347 4329 perfidiae
1376 4266 1594 4332 nuper
1628 4266 1672 4311 a
1702 4266 1866 4329 rege
1909 4246 2251 4329 proscrip-

479 4466 581 4515 Sea
604 4465 892 4516 willelmus.
895 4463 1173 4530 Jwiniam,
1185 4464 1292 4514 earl
1336 4463 1464 4513 half-
1463 4463 1691 4512 brothers
1735 4461 1794 4511 of
1830 4461 1915 4510 the
1952 4460 2258 4520 Conquemr.

364 4534 430 4583 of
454 4535 679 4584 Mertain
713 4551 770 4584 or
804 4535 1088 4598 Mortagne,
1124 4549 1215 4583 sou
1243 4534 1301 4583 os
1341 4534 1424 4582 He
1453 4534 1500 4583 is
1526 4532 1691 4583 called
1724 4531 1965 4581 Morteuil
1998 4531 2066 4590 by
2090 4528 2261 4576 Hunt·

371 4605 518 4654 duke
562 4606 750 4654 Robert
785 4605 870 4655 the
909 4605 1073 4655 eldest
1115 4604 1174 4653 of
1209 4604 1294 4653 the
1342 4603 1545 4666 ingdon.
