<?xml version="1.0" encoding="UTF-8"?>
<!DOCTYPE html PUBLIC "-//W3C//DTD XHTML 1.0 Transitional//EN"
    "http://www.w3.org/TR/xhtml1/DTD/xhtml1-transitional.dtd">
<html xmlns="http://www.w3.org/1999/xhtml" xml:lang="en" lang="en">
 <head>
  <title>
</title>
<meta http-equiv="Content-Type" content="text/html;charset=utf-8" />
  <meta name='ocr-system' content='tesseract 3.04.00' />
  <meta name='ocr-capabilities' content='ocr_page ocr_carea ocr_par ocr_line ocrx_word'/>
</head>
<body>
  <div class='ocr_page' id='page_1' title='image "./rogeridewendove00wendgoog_0100.png"; bbox 0 0 3457 5887; ppageno 0'>
   <div class='ocr_carea' id='block_1_1' title="bbox 1217 842 2577 909">
    <p class='ocr_par' dir='ltr' id='par_1_1' title="bbox 1217 842 2577 909">
     <span class='ocr_line' id='line_1_1' title="bbox 1217 842 2577 909; baseline 0.001 -2"><span class='ocrx_word' id='word_1_1' title='bbox 1217 842 1305 907; x_wconf 84' lang='lat'><strong>96</strong></span> <span class='ocrx_word' id='word_1_2' title='bbox 1720 859 1983 906; x_wconf 67' lang='lat' dir='ltr'><strong>nocam</strong></span> <span class='ocrx_word' id='word_1_3' title='bbox 2030 859 2123 906; x_wconf 74' lang='lat' dir='ltr'><strong>nn</strong></span> <span class='ocrx_word' id='word_1_4' title='bbox 2168 859 2577 909; x_wconf 65' lang='lat' dir='ltr'><strong>wennovssn</strong></span> 
     </span>
    </p>
   </div>
   <div class='ocr_carea' id='block_1_2' title="bbox 897 1014 3089 4082">
    <p class='ocr_par' dir='ltr' id='par_1_2' title="bbox 897 1014 3089 4082">
     <span class='ocr_line' id='line_1_2' title="bbox 898 1014 3080 1094; baseline -0 -17"><span class='ocrx_word' id='word_1_5' title='bbox 898 1028 1008 1068; x_wconf 67' lang='grc' dir='ltr'><strong>Μ).</strong></span> <span class='ocrx_word' id='word_1_6' title='bbox 1033 1029 1142 1068; x_wconf 77' lang='lat'><strong>¹⁰⁹⁷-</strong></span> <span class='ocrx_word' id='word_1_7' title='bbox 1218 1014 1461 1091; x_wconf 90' lang='lat' dir='ltr'><strong>tiones,</strong></span> <span class='ocrx_word' id='word_1_8' title='bbox 1506 1014 1869 1079; x_wconf 80' lang='lat' dir='ltr'><strong>ebrietates</strong></span> <span class='ocrx_word' id='word_1_9' title='bbox 1912 1023 1984 1079; x_wconf 89' lang='lat' dir='ltr'><strong>et</strong></span> <span class='ocrx_word' id='word_1_10' title='bbox 2025 1018 2579 1094; x_wconf 87' lang='lat' dir='ltr'><strong>comessationes,</strong></span> <span class='ocrx_word' id='word_1_11' title='bbox 2624 1015 2810 1079; x_wconf 88' lang='lat' dir='ltr'><strong>aleas</strong></span> <span class='ocrx_word' id='word_1_12' title='bbox 2852 1021 2922 1079; x_wconf 86' lang='lat' dir='ltr'><strong>et</strong></span> <span class='ocrx_word' id='word_1_13' title='bbox 2954 1014 3080 1076; x_wconf 86' lang='lat' dir='ltr'><strong>fal-</strong></span> 
     </span>
     <span class='ocr_line' id='line_1_3' title="bbox 897 1079 3085 1198; baseline -0.001 -21"><span class='ocrx_word' id='word_1_14' title='bbox 897 1079 1193 1171; x_wconf 53' lang='lat' dir='ltr'><strong>mm„</strong></span> <span class='ocrx_word' id='word_1_15' title='bbox 1218 1115 1402 1178; x_wconf 87' lang='lat' dir='ltr'><strong>laces</strong></span> <span class='ocrx_word' id='word_1_16' title='bbox 1439 1115 1848 1198; x_wconf 89' lang='lat' dir='ltr'><strong>jurationes,</strong></span> <span class='ocrx_word' id='word_1_17' title='bbox 1903 1115 2106 1178; x_wconf 92' lang='lat' dir='ltr'><strong>simul</strong></span> <span class='ocrx_word' id='word_1_18' title='bbox 2152 1123 2224 1179; x_wconf 89' lang='lat' dir='ltr'><strong>et</strong></span> <span class='ocrx_word' id='word_1_19' title='bbox 2275 1135 2507 1180; x_wconf 87' lang='lat' dir='ltr'><strong>omnes</strong></span> <span class='ocrx_word' id='word_1_20' title='bbox 2563 1115 2835 1179; x_wconf 79' lang='lat' dir='ltr'><strong>fraudes</strong></span> <span class='ocrx_word' id='word_1_21' title='bbox 2885 1115 3085 1176; x_wconf 88' lang='lat' dir='ltr'><strong>inter-</strong></span> 
     </span>
     <span class='ocr_line' id='line_1_4' title="bbox 1218 1213 3085 1298; baseline -0.001 -21"><span class='ocrx_word' id='word_1_22' title='bbox 1218 1213 1441 1278; x_wconf 88' lang='lat' dir='ltr'><strong>dicere</strong></span> <span class='ocrx_word' id='word_1_23' title='bbox 1498 1215 1858 1291; x_wconf 88' lang='lat' dir='ltr'><strong>universis,</strong></span> <span class='ocrx_word' id='word_1_24' title='bbox 1921 1223 2017 1291; x_wconf 90' lang='lat' dir='ltr'><strong>ut,</strong></span> <span class='ocrx_word' id='word_1_25' title='bbox 2078 1215 2262 1279; x_wconf 92' lang='lat' dir='ltr'><strong>omni</strong></span> <span class='ocrx_word' id='word_1_26' title='bbox 2323 1214 2653 1298; x_wconf 81' lang='lat' dir='ltr'><strong>spurcitia</strong></span> <span class='ocrx_word' id='word_1_27' title='bbox 2716 1214 3085 1288; x_wconf 90' lang='lat' dir='ltr'><strong>eliminata,</strong></span> 
     </span>
     <span class='ocr_line' id='line_1_5' title="bbox 1219 1313 3087 1379; baseline -0.001 -3"><span class='ocrx_word' id='word_1_28' title='bbox 1219 1313 1460 1377; x_wconf 87' lang='lat' dir='ltr'><strong>adesse</strong></span> <span class='ocrx_word' id='word_1_29' title='bbox 1501 1314 1631 1377; x_wconf 90' lang='lat' dir='ltr'><strong>sibi</strong></span> <span class='ocrx_word' id='word_1_30' title='bbox 1670 1313 1967 1378; x_wconf 87' lang='lat' dir='ltr'><strong>divinam</strong></span> <span class='ocrx_word' id='word_1_31' title='bbox 2013 1313 2540 1379; x_wconf 87' lang='lat' dir='ltr'><strong>misericordiam</strong></span> <span class='ocrx_word' id='word_1_32' title='bbox 2577 1314 2923 1378; x_wconf 86' lang='lat' dir='ltr'><strong>humiliter</strong></span> <span class='ocrx_word' id='word_1_33' title='bbox 2964 1313 3087 1374; x_wconf 91' lang='lat' dir='ltr'><strong>im-</strong></span> 
     </span>
     <span class='ocr_line' id='line_1_6' title="bbox 1216 1413 3087 1497; baseline -0.001 -22"><span class='ocrx_word' id='word_1_34' title='bbox 1216 1413 1587 1494; x_wconf 77' lang='lat' dir='ltr'><strong>plorarent.</strong></span> <span class='ocrx_word' id='word_1_35' title='bbox 1691 1413 1981 1477; x_wconf 90' lang='lat' dir='ltr'><strong>Factum</strong></span> <span class='ocrx_word' id='word_1_36' title='bbox 2025 1421 2132 1478; x_wconf 90' lang='lat' dir='ltr'><strong>est</strong></span> <span class='ocrx_word' id='word_1_37' title='bbox 2184 1421 2436 1491; x_wconf 85' lang='lat' dir='ltr'><strong>autem,</strong></span> <span class='ocrx_word' id='word_1_38' title='bbox 2496 1422 2575 1478; x_wconf 90' lang='lat' dir='ltr'><strong>ut</strong></span> <span class='ocrx_word' id='word_1_39' title='bbox 2620 1433 2743 1497; x_wconf 89' lang='lat' dir='ltr'><strong>per</strong></span> <span class='ocrx_word' id='word_1_40' title='bbox 2793 1413 3087 1496; x_wconf 76' lang='lat' dir='ltr'><strong>gratiam</strong></span> 
     </span>
     <span class='ocr_line' id='line_1_7' title="bbox 1221 1511 3088 1595; baseline -0.001 -20"><span class='ocrx_word' id='word_1_41' title='bbox 1221 1512 1353 1575; x_wconf 89' lang='lat' dir='ltr'><strong>Dei</strong></span> <span class='ocrx_word' id='word_1_42' title='bbox 1406 1512 2096 1594; x_wconf 82' lang='lat' dir='ltr'><strong>superabundantem,</strong></span> <span class='ocrx_word' id='word_1_43' title='bbox 2151 1514 2406 1595; x_wconf 88' lang='lat' dir='ltr'><strong>populo</strong></span> <span class='ocrx_word' id='word_1_44' title='bbox 2462 1513 2550 1577; x_wconf 87' lang='lat' dir='ltr'><strong>ad</strong></span> <span class='ocrx_word' id='word_1_45' title='bbox 2605 1512 2870 1595; x_wconf 83' lang='lat' dir='ltr'><strong>frugem</strong></span> <span class='ocrx_word' id='word_1_46' title='bbox 2925 1511 3088 1576; x_wconf 85' lang='lat' dir='ltr'><strong>vitae</strong></span> 
     </span>
     <span class='ocr_line' id='line_1_8' title="bbox 1219 1611 3086 1695; baseline -0.002 -18"><span class='ocrx_word' id='word_1_47' title='bbox 1219 1611 1516 1677; x_wconf 88' lang='lat' dir='ltr'><strong>melioris</strong></span> <span class='ocrx_word' id='word_1_48' title='bbox 1556 1619 1900 1688; x_wconf 87' lang='lat' dir='ltr'><strong>revocato,</strong></span> <span class='ocrx_word' id='word_1_49' title='bbox 1940 1631 2030 1675; x_wconf 91' lang='lat' dir='ltr'><strong>ex</strong></span> <span class='ocrx_word' id='word_1_50' title='bbox 2066 1620 2262 1695; x_wconf 88' lang='lat' dir='ltr'><strong>parte</strong></span> <span class='ocrx_word' id='word_1_51' title='bbox 2294 1613 2674 1695; x_wconf 87' lang='lat' dir='ltr'><strong>quiesceret</strong></span> <span class='ocrx_word' id='word_1_52' title='bbox 2705 1613 2956 1677; x_wconf 82' lang='lat' dir='ltr'><strong>saevior</strong></span> <span class='ocrx_word' id='word_1_53' title='bbox 2984 1611 3086 1673; x_wconf 91' lang='lat' dir='ltr'><strong>ira</strong></span> 
     </span>
     <span class='ocr_line' id='line_1_9' title="bbox 1221 1710 3086 1794; baseline -0.001 -20"><span class='ocrx_word' id='word_1_54' title='bbox 1221 1710 1398 1775; x_wconf 87' lang='lat' dir='ltr'><strong>Dei:</strong></span> <span class='ocrx_word' id='word_1_55' title='bbox 1463 1712 1911 1775; x_wconf 89' lang='lat' dir='ltr'><strong>movebantur</strong></span> <span class='ocrx_word' id='word_1_56' title='bbox 1972 1711 2149 1775; x_wconf 90' lang='lat' dir='ltr'><strong>enim</strong></span> <span class='ocrx_word' id='word_1_57' title='bbox 2210 1731 2420 1794; x_wconf 87' lang='lat' dir='ltr'><strong>supra</strong></span> <span class='ocrx_word' id='word_1_58' title='bbox 2482 1712 2756 1776; x_wconf 90' lang='lat' dir='ltr'><strong>modum</strong></span> <span class='ocrx_word' id='word_1_59' title='bbox 2811 1732 2902 1775; x_wconf 89' lang='lat' dir='ltr'><strong>ex</strong></span> <span class='ocrx_word' id='word_1_60' title='bbox 2957 1710 3086 1773; x_wconf 88' lang='lat' dir='ltr'><strong>hoc</strong></span> 
     </span>
     <span class='ocr_line' id='line_1_10' title="bbox 1218 1810 3087 1895; baseline 0 -23"><span class='ocrx_word' id='word_1_61' title='bbox 1218 1810 1582 1892; x_wconf 84' lang='lat' dir='ltr'><strong>peregrini,</strong></span> <span class='ocrx_word' id='word_1_62' title='bbox 1645 1810 1825 1893; x_wconf 90' lang='lat' dir='ltr'><strong>quod</strong></span> <span class='ocrx_word' id='word_1_63' title='bbox 1890 1811 2198 1875; x_wconf 88' lang='lat' dir='ltr'><strong>sciebant</strong></span> <span class='ocrx_word' id='word_1_64' title='bbox 2257 1811 2726 1895; x_wconf 83' lang='lat' dir='ltr'><strong>exploratores</strong></span> <span class='ocrx_word' id='word_1_65' title='bbox 2789 1830 2941 1874; x_wconf 89' lang='lat' dir='ltr'><strong>esse</strong></span> <span class='ocrx_word' id='word_1_66' title='bbox 3017 1810 3087 1872; x_wconf 91' lang='lat' dir='ltr'><strong>in</strong></span> 
     </span>
     <span class='ocr_line' id='line_1_11' title="bbox 1218 1909 3085 1992; baseline -0.001 -20"><span class='ocrx_word' id='word_1_67' title='bbox 1218 1909 1521 1973; x_wconf 88' lang='lat' dir='ltr'><strong>exercitu</strong></span> <span class='ocrx_word' id='word_1_68' title='bbox 1567 1929 1656 1973; x_wconf 89' lang='lat' dir='ltr'><strong>ex</strong></span> <span class='ocrx_word' id='word_1_69' title='bbox 1700 1910 2015 1974; x_wconf 90' lang='lat' dir='ltr'><strong>omnibus</strong></span> <span class='ocrx_word' id='word_1_70' title='bbox 2063 1910 2344 1975; x_wconf 89' lang='lat' dir='ltr'><strong>orientis</strong></span> <span class='ocrx_word' id='word_1_71' title='bbox 2387 1910 2776 1974; x_wconf 86' lang='lat' dir='ltr'><strong>nationibus</strong></span> <span class='ocrx_word' id='word_1_72' title='bbox 2824 1911 2898 1972; x_wconf 90' lang='lat' dir='ltr'><strong>in</strong></span> <span class='ocrx_word' id='word_1_73' title='bbox 2943 1909 3085 1992; x_wconf 91' lang='lat' dir='ltr'><strong>qui-</strong></span> 
     </span>
     <span class='ocr_line' id='line_1_12' title="bbox 1218 2008 3085 2092; baseline 0.001 -22"><span class='ocrx_word' id='word_1_74' title='bbox 1218 2008 1346 2071; x_wconf 90' lang='lat' dir='ltr'><strong>bus</strong></span> <span class='ocrx_word' id='word_1_75' title='bbox 1389 2009 1974 2074; x_wconf 83' lang='lat' dir='ltr'><strong>conversabantur</strong></span> <span class='ocrx_word' id='word_1_76' title='bbox 2016 2009 2385 2089; x_wconf 80' lang='lat' dir='ltr'><strong>increduli3</strong></span> <span class='ocrx_word' id='word_1_77' title='bbox 2431 2010 2591 2074; x_wconf 91' lang='lat' dir='ltr'><strong>dum</strong></span> <span class='ocrx_word' id='word_1_78' title='bbox 2619 2009 3085 2092; x_wconf 88' lang='lat' dir='ltr'><strong>unusquisque</strong></span> 
     </span>
     <span class='ocr_line' id='line_1_13' title="bbox 1219 2108 3084 2191; baseline 0 -21"><span class='ocrx_word' id='word_1_79' title='bbox 1219 2126 1477 2184; x_wconf 89' lang='lat' dir='ltr'><strong>eorum,</strong></span> <span class='ocrx_word' id='word_1_80' title='bbox 1522 2108 1607 2172; x_wconf 92' lang='lat' dir='ltr'><strong>de</strong></span> <span class='ocrx_word' id='word_1_81' title='bbox 1650 2109 1926 2191; x_wconf 84' lang='lat' dir='ltr'><strong>proprio</strong></span> <span class='ocrx_word' id='word_1_82' title='bbox 1969 2117 2155 2174; x_wconf 89' lang='lat' dir='ltr'><strong>statu</strong></span> <span class='ocrx_word' id='word_1_83' title='bbox 2204 2109 2564 2187; x_wconf 79' lang='lat' dir='ltr'><strong>sollicituS,</strong></span> <span class='ocrx_word' id='word_1_84' title='bbox 2607 2110 2783 2173; x_wconf 86' lang='lat' dir='ltr'><strong>scire</strong></span> <span class='ocrx_word' id='word_1_85' title='bbox 2812 2108 3084 2172; x_wconf 90' lang='lat' dir='ltr'><strong>volebat</strong></span> 
     </span>
     <span class='ocr_line' id='line_1_14' title="bbox 1219 2206 3087 2292; baseline 0 -23"><span class='ocrx_word' id='word_1_86' title='bbox 1219 2207 1517 2289; x_wconf 88' lang='lat' dir='ltr'><strong>qualiter</strong></span> <span class='ocrx_word' id='word_1_87' title='bbox 1572 2227 1648 2271; x_wconf 92' lang='lat' dir='ltr'><strong>se</strong></span> <span class='ocrx_word' id='word_1_88' title='bbox 1698 2215 1940 2272; x_wconf 88' lang='lat' dir='ltr'><strong>contra</strong></span> <span class='ocrx_word' id='word_1_89' title='bbox 1993 2214 2256 2272; x_wconf 88' lang='lat' dir='ltr'><strong>tantam</strong></span> <span class='ocrx_word' id='word_1_90' title='bbox 2309 2209 2811 2292; x_wconf 84' lang='lat' dir='ltr'><strong>expeditionem</strong></span> <span class='ocrx_word' id='word_1_91' title='bbox 2857 2206 3087 2271; x_wconf 91' lang='lat' dir='ltr'><strong>desen-</strong></span> 
     </span>
     <span class='ocr_line' id='line_1_15' title="bbox 1220 2306 3088 2391; baseline 0.001 -23"><span class='ocrx_word' id='word_1_92' title='bbox 1220 2307 1378 2370; x_wconf 85' lang='lat' dir='ltr'><strong>dere</strong></span> <span class='ocrx_word' id='word_1_93' title='bbox 1412 2307 1781 2387; x_wconf 90' lang='lat' dir='ltr'><strong>valuisset;</strong></span> <span class='ocrx_word' id='word_1_94' title='bbox 1828 2327 1955 2372; x_wconf 90' lang='lat' dir='ltr'><strong>nec</strong></span> <span class='ocrx_word' id='word_1_95' title='bbox 1997 2309 2174 2370; x_wconf 90' lang='lat' dir='ltr'><strong>enim</strong></span> <span class='ocrx_word' id='word_1_96' title='bbox 2204 2317 2353 2374; x_wconf 89' lang='lat' dir='ltr'><strong>erat</strong></span> <span class='ocrx_word' id='word_1_97' title='bbox 2386 2306 2656 2373; x_wconf 87' lang='lat' dir='ltr'><strong>difficile</strong></span> <span class='ocrx_word' id='word_1_98' title='bbox 2699 2306 3088 2391; x_wconf 84' lang='lat' dir='ltr'><strong>hujusmodi</strong></span> 
     </span>
     <span class='ocr_line' id='line_1_16' title="bbox 1219 2405 3087 2488; baseline 0.001 -20"><span class='ocrx_word' id='word_1_99' title='bbox 1219 2405 1767 2488; x_wconf 79' lang='lat' dir='ltr'><strong>exploratoribus</strong></span> <span class='ocrx_word' id='word_1_100' title='bbox 1812 2407 1991 2470; x_wconf 90' lang='lat' dir='ltr'><strong>inter</strong></span> <span class='ocrx_word' id='word_1_101' title='bbox 2032 2414 2302 2472; x_wconf 90' lang='lat' dir='ltr'><strong>nostros</strong></span> <span class='ocrx_word' id='word_1_102' title='bbox 2350 2408 2586 2486; x_wconf 89' lang='lat' dir='ltr'><strong>latere,</strong></span> <span class='ocrx_word' id='word_1_103' title='bbox 2634 2427 2790 2471; x_wconf 91' lang='lat' dir='ltr'><strong>cum</strong></span> <span class='ocrx_word' id='word_1_104' title='bbox 2831 2425 3087 2470; x_wconf 89' lang='lat' dir='ltr'><strong>merca-</strong></span> 
     </span>
     <span class='ocr_line' id='line_1_17' title="bbox 1218 2505 3089 2584; baseline 0 -16"><span class='ocrx_word' id='word_1_105' title='bbox 1218 2512 1400 2576; x_wconf 83' lang='lat' dir='ltr'><strong>tores</strong></span> <span class='ocrx_word' id='word_1_106' title='bbox 1449 2506 1522 2568; x_wconf 93' lang='lat' dir='ltr'><strong>in</strong></span> <span class='ocrx_word' id='word_1_107' title='bbox 1577 2507 1882 2570; x_wconf 89' lang='lat' dir='ltr'><strong>exercitu</strong></span> <span class='ocrx_word' id='word_1_108' title='bbox 1944 2506 2366 2584; x_wconf 81' lang='lat' dir='ltr'><strong>victualium,</strong></span> <span class='ocrx_word' id='word_1_109' title='bbox 2418 2508 2535 2571; x_wconf 87' lang='lat' dir='ltr'><strong>alii</strong></span> <span class='ocrx_word' id='word_1_110' title='bbox 2600 2505 2913 2583; x_wconf 79' lang='lat' dir='ltr'><strong>Graecos,</strong></span> <span class='ocrx_word' id='word_1_111' title='bbox 2976 2506 3089 2569; x_wconf 88' lang='lat' dir='ltr'><strong>alii</strong></span> 
     </span>
     <span class='ocr_line' id='line_1_18' title="bbox 1218 2604 3088 2687; baseline 0.001 -20"><span class='ocrx_word' id='word_1_112' title='bbox 1218 2604 1570 2687; x_wconf 83' lang='lat' dir='ltr'><strong>Syrianos,</strong></span> <span class='ocrx_word' id='word_1_113' title='bbox 1616 2605 1735 2669; x_wconf 92' lang='lat' dir='ltr'><strong>alii</strong></span> <span class='ocrx_word' id='word_1_114' title='bbox 1768 2604 2154 2682; x_wconf 86' lang='lat' dir='ltr'><strong>Armenios,</strong></span> <span class='ocrx_word' id='word_1_115' title='bbox 2181 2625 2257 2670; x_wconf 91' lang='lat' dir='ltr'><strong>se</strong></span> <span class='ocrx_word' id='word_1_116' title='bbox 2287 2625 2437 2670; x_wconf 89' lang='lat' dir='ltr'><strong>esse</strong></span> <span class='ocrx_word' id='word_1_117' title='bbox 2468 2605 2909 2670; x_wconf 88' lang='lat' dir='ltr'><strong>affirmarent.</strong></span> <span class='ocrx_word' id='word_1_118' title='bbox 3001 2605 3088 2669; x_wconf 89' lang='lat' dir='ltr'><strong>Et</strong></span> 
     </span>
     <span class='ocr_line' id='line_1_19' title="bbox 1217 2704 3088 2788; baseline -0.001 -20"><span class='ocrx_word' id='word_1_119' title='bbox 1217 2723 1372 2768; x_wconf 90' lang='lat' dir='ltr'><strong>cum</strong></span> <span class='ocrx_word' id='word_1_120' title='bbox 1430 2704 1822 2788; x_wconf 88' lang='lat' dir='ltr'><strong>hujusmodi</strong></span> <span class='ocrx_word' id='word_1_121' title='bbox 1873 2704 2340 2787; x_wconf 87' lang='lat' dir='ltr'><strong>exploratores</strong></span> <span class='ocrx_word' id='word_1_122' title='bbox 2384 2705 2628 2771; x_wconf 83' lang='lat' dir='ltr'><strong>famem</strong></span> <span class='ocrx_word' id='word_1_123' title='bbox 2671 2705 3088 2769; x_wconf 65' lang='lat' dir='ltr'><strong>invalescere</strong></span> 
     </span>
     <span class='ocr_line' id='line_1_20' title="bbox 1218 2803 3086 2890; baseline 0.001 -24"><span class='ocrx_word' id='word_1_124' title='bbox 1218 2803 1417 2866; x_wconf 87' lang='lat' dir='ltr'><strong>simul</strong></span> <span class='ocrx_word' id='word_1_125' title='bbox 1464 2813 1534 2867; x_wconf 85' lang='lat' dir='ltr'><strong>et</strong></span> <span class='ocrx_word' id='word_1_126' title='bbox 1576 2804 2065 2868; x_wconf 85' lang='lat' dir='ltr'><strong>mortalitatem</strong></span> <span class='ocrx_word' id='word_1_127' title='bbox 2107 2806 2578 2890; x_wconf 89' lang='lat' dir='ltr'><strong>conspicerent</strong></span> <span class='ocrx_word' id='word_1_128' title='bbox 2632 2806 2705 2868; x_wconf 93' lang='lat' dir='ltr'><strong>in</strong></span> <span class='ocrx_word' id='word_1_129' title='bbox 2754 2804 3086 2880; x_wconf 86' lang='lat' dir='ltr'><strong>exercitu,</strong></span> 
     </span>
     <span class='ocr_line' id='line_1_21' title="bbox 1219 2901 3087 2987; baseline 0 -20"><span class='ocrx_word' id='word_1_130' title='bbox 1219 2901 1595 2970; x_wconf 87' lang='lat' dir='ltr'><strong>timuerunt</strong></span> <span class='ocrx_word' id='word_1_131' title='bbox 1645 2904 1985 2987; x_wconf 83' lang='lat' dir='ltr'><strong>peregrini</strong></span> <span class='ocrx_word' id='word_1_132' title='bbox 2031 2904 2255 2983; x_wconf 88' lang='lat' dir='ltr'><strong>valde,</strong></span> <span class='ocrx_word' id='word_1_133' title='bbox 2305 2925 2414 2984; x_wconf 89' lang='lat' dir='ltr'><strong>ne,</strong></span> <span class='ocrx_word' id='word_1_134' title='bbox 2463 2906 2523 2970; x_wconf 91' lang='lat' dir='ltr'><strong>si</strong></span> <span class='ocrx_word' id='word_1_135' title='bbox 2573 2912 2772 2970; x_wconf 90' lang='lat' dir='ltr'><strong>tanta</strong></span> <span class='ocrx_word' id='word_1_136' title='bbox 2810 2904 3087 2968; x_wconf 81' lang='lat' dir='ltr'><strong>calami-</strong></span> 
     </span>
     <span class='ocr_line' id='line_1_22' title="bbox 1217 3004 3086 3087; baseline 0.001 -21"><span class='ocrx_word' id='word_1_137' title='bbox 1217 3010 1327 3066; x_wconf 92' lang='lat' dir='ltr'><strong>tas</strong></span> <span class='ocrx_word' id='word_1_138' title='bbox 1381 3004 1561 3068; x_wconf 89' lang='lat' dir='ltr'><strong>inter</strong></span> <span class='ocrx_word' id='word_1_139' title='bbox 1608 3004 1900 3085; x_wconf 84' lang='lat' dir='ltr'><strong>gentiles</strong></span> <span class='ocrx_word' id='word_1_140' title='bbox 1961 3004 2536 3083; x_wconf 84' lang='lat' dir='ltr'><strong>disseminaretur,</strong></span> <span class='ocrx_word' id='word_1_141' title='bbox 2597 3005 2729 3087; x_wconf 92' lang='lat' dir='ltr'><strong>ipsi</strong></span> <span class='ocrx_word' id='word_1_142' title='bbox 2779 3004 3086 3069; x_wconf 85' lang='lat' dir='ltr'><strong>collectis</strong></span> 
     </span>
     <span class='ocr_line' id='line_1_23' title="bbox 1216 3102 3089 3188; baseline 0 -23"><span class='ocrx_word' id='word_1_143' title='bbox 1216 3102 1623 3167; x_wconf 86' lang='lat' dir='ltr'><strong>militaribus</strong></span> <span class='ocrx_word' id='word_1_144' title='bbox 1667 3104 1882 3186; x_wconf 89' lang='lat' dir='ltr'><strong>copiis</strong></span> <span class='ocrx_word' id='word_1_145' title='bbox 1933 3106 2485 3187; x_wconf 86' lang='lat' dir='ltr'><strong>supervenientes</strong></span> <span class='ocrx_word' id='word_1_146' title='bbox 2528 3104 2927 3188; x_wconf 84' lang='lat' dir='ltr'><strong>peregrinos</strong></span> <span class='ocrx_word' id='word_1_147' title='bbox 2974 3104 3089 3168; x_wconf 89' lang='lat' dir='ltr'><strong>ob-</strong></span> 
     </span>
     <span class='ocr_line' id='line_1_24' title="bbox 1217 3202 3086 3288; baseline 0.002 -24"><span class='ocrx_word' id='word_1_148' title='bbox 1217 3210 1494 3266; x_wconf 92' lang='lat' dir='ltr'><strong>ruerent</strong></span> <span class='ocrx_word' id='word_1_149' title='bbox 1522 3202 1900 3268; x_wconf 89' lang='lat' dir='ltr'><strong>universos.</strong></span> <span class='ocrx_word' id='word_1_150' title='bbox 1981 3204 2287 3287; x_wconf 85' lang='lat' dir='ltr'><strong>Cumque</strong></span> <span class='ocrx_word' id='word_1_151' title='bbox 2320 3205 2658 3288; x_wconf 87' lang='lat' dir='ltr'><strong>principes</strong></span> <span class='ocrx_word' id='word_1_152' title='bbox 2685 3211 2933 3268; x_wconf 90' lang='lat' dir='ltr'><strong>contra</strong></span> <span class='ocrx_word' id='word_1_153' title='bbox 2962 3202 3086 3267; x_wconf 87' lang='lat' dir='ltr'><strong>hoc</strong></span> 
     </span>
     <span class='ocr_line' id='line_1_25' title="bbox 1218 3302 3083 3384; baseline 0.001 -20"><span class='ocrx_word' id='word_1_154' title='bbox 1218 3302 1479 3365; x_wconf 89' lang='lat' dir='ltr'><strong>nullum</strong></span> <span class='ocrx_word' id='word_1_155' title='bbox 1522 3304 1906 3384; x_wconf 89' lang='lat' dir='ltr'><strong>potuissent</strong></span> <span class='ocrx_word' id='word_1_156' title='bbox 1947 3304 2315 3367; x_wconf 89' lang='lat' dir='ltr'><strong>remedium</strong></span> <span class='ocrx_word' id='word_1_157' title='bbox 2356 3305 2682 3380; x_wconf 90' lang='lat' dir='ltr'><strong>invenire,</strong></span> <span class='ocrx_word' id='word_1_158' title='bbox 2736 3303 3083 3367; x_wconf 89' lang='lat' dir='ltr'><strong>Boamun·</strong></span> 
     </span>
     <span class='ocr_line' id='line_1_26' title="bbox 1215 3399 3084 3485; baseline 0.002 -24"><span class='ocrx_word' id='word_1_159' title='bbox 1215 3399 1368 3477; x_wconf 89' lang='lat' dir='ltr'><strong>dus,</strong></span> <span class='ocrx_word' id='word_1_160' title='bbox 1395 3402 1502 3466; x_wconf 91' lang='lat' dir='ltr'><strong>vir</strong></span> <span class='ocrx_word' id='word_1_161' title='bbox 1531 3401 1943 3483; x_wconf 89' lang='lat' dir='ltr'><strong>perspicacis</strong></span> <span class='ocrx_word' id='word_1_162' title='bbox 1987 3404 2265 3484; x_wconf 80' lang='lat' dir='ltr'><strong>ingenii,</strong></span> <span class='ocrx_word' id='word_1_163' title='bbox 2308 3404 2487 3468; x_wconf 89' lang='lat' dir='ltr'><strong>circa</strong></span> <span class='ocrx_word' id='word_1_164' title='bbox 2531 3403 2824 3485; x_wconf 89' lang='lat' dir='ltr'><strong>primum</strong></span> <span class='ocrx_word' id='word_1_165' title='bbox 2867 3402 3084 3466; x_wconf 88' lang='lat' dir='ltr'><strong>noctis</strong></span> 
     </span>
     <span class='ocr_line' id='line_1_27' title="bbox 1215 3499 3084 3585; baseline 0.001 -24"><span class='ocrx_word' id='word_1_166' title='bbox 1215 3499 1562 3581; x_wconf 88' lang='lat' dir='ltr'><strong>sequentis</strong></span> <span class='ocrx_word' id='word_1_167' title='bbox 1592 3499 2088 3581; x_wconf 89' lang='lat' dir='ltr'><strong>crepusculum,</strong></span> <span class='ocrx_word' id='word_1_168' title='bbox 2120 3522 2274 3566; x_wconf 91' lang='lat' dir='ltr'><strong>cum</strong></span> <span class='ocrx_word' id='word_1_169' title='bbox 2306 3502 2423 3566; x_wconf 90' lang='lat' dir='ltr'><strong>alii</strong></span> <span class='ocrx_word' id='word_1_170' title='bbox 2468 3502 2737 3566; x_wconf 88' lang='lat' dir='ltr'><strong>sodales</strong></span> <span class='ocrx_word' id='word_1_171' title='bbox 2772 3521 2898 3585; x_wconf 88' lang='lat' dir='ltr'><strong>per</strong></span> <span class='ocrx_word' id='word_1_172' title='bbox 2942 3521 3084 3564; x_wconf 87' lang='lat' dir='ltr'><strong>cas-</strong></span> 
     </span>
     <span class='ocr_line' id='line_1_28' title="bbox 1214 3591 3085 3680; baseline 0.001 -19"><span class='ocrx_word' id='word_1_173' title='bbox 1214 3606 1324 3661; x_wconf 89' lang='lat' dir='ltr'><strong>tra</strong></span> <span class='ocrx_word' id='word_1_174' title='bbox 1354 3591 1512 3679; x_wconf 89' lang='lat' dir='ltr'><strong>¹pro</strong></span> <span class='ocrx_word' id='word_1_175' title='bbox 1543 3605 1882 3680; x_wconf 90' lang='lat' dir='ltr'><strong>apparatu</strong></span> <span class='ocrx_word' id='word_1_176' title='bbox 1916 3619 2132 3665; x_wconf 80' lang='lat' dir='ltr'><strong>coenae</strong></span> <span class='ocrx_word' id='word_1_177' title='bbox 2165 3603 2249 3666; x_wconf 90' lang='lat' dir='ltr'><strong>de</strong></span> <span class='ocrx_word' id='word_1_178' title='bbox 2281 3622 2467 3666; x_wconf 90' lang='lat' dir='ltr'><strong>more</strong></span> <span class='ocrx_word' id='word_1_179' title='bbox 2510 3606 2742 3665; x_wconf 88' lang='lat' dir='ltr'><strong>essent</strong></span> <span class='ocrx_word' id='word_1_180' title='bbox 2784 3599 3085 3676; x_wconf 90' lang='lat' dir='ltr'><strong>solliciti,</strong></span> 
     </span>
     <span class='ocr_line' id='line_1_29' title="bbox 1214 3696 3084 3784; baseline 0.002 -25"><span class='ocrx_word' id='word_1_181' title='bbox 1214 3696 1458 3760; x_wconf 87' lang='lat' dir='ltr'><strong>adduci</strong></span> <span class='ocrx_word' id='word_1_182' title='bbox 1500 3697 1829 3779; x_wconf 82' lang='lat' dir='ltr'><strong>praecepit</strong></span> <span class='ocrx_word' id='word_1_183' title='bbox 1860 3698 2123 3764; x_wconf 88' lang='lat' dir='ltr'><strong>Turcos</strong></span> <span class='ocrx_word' id='word_1_184' title='bbox 2154 3701 2440 3784; x_wconf 89' lang='lat' dir='ltr'><strong>aliquot,</strong></span> <span class='ocrx_word' id='word_1_185' title='bbox 2477 3720 2651 3783; x_wconf 90' lang='lat' dir='ltr'><strong>quos</strong></span> <span class='ocrx_word' id='word_1_186' title='bbox 2682 3700 2987 3764; x_wconf 88' lang='lat' dir='ltr'><strong>babebat</strong></span> <span class='ocrx_word' id='word_1_187' title='bbox 3015 3700 3084 3763; x_wconf 94' lang='lat' dir='ltr'><strong>in</strong></span> 
     </span>
     <span class='ocr_line' id='line_1_30' title="bbox 1213 3796 3084 3883; baseline 0.003 -24"><span class='ocrx_word' id='word_1_188' title='bbox 1213 3796 1529 3883; x_wconf 73' lang='lat' dir='ltr'><strong>vinculis,</strong></span> <span class='ocrx_word' id='word_1_189' title='bbox 1565 3803 1634 3860; x_wconf 90' lang='lat' dir='ltr'><strong>et</strong></span> <span class='ocrx_word' id='word_1_190' title='bbox 1667 3797 1942 3861; x_wconf 89' lang='lat' dir='ltr'><strong>tradens</strong></span> <span class='ocrx_word' id='word_1_191' title='bbox 1965 3818 2083 3863; x_wconf 91' lang='lat' dir='ltr'><strong>eos</strong></span> <span class='ocrx_word' id='word_1_192' title='bbox 2114 3801 2541 3864; x_wconf 90' lang='lat' dir='ltr'><strong>carnificibus</strong></span> <span class='ocrx_word' id='word_1_193' title='bbox 2575 3798 2856 3864; x_wconf 89' lang='lat' dir='ltr'><strong>mandat</strong></span> <span class='ocrx_word' id='word_1_194' title='bbox 2873 3799 3084 3883; x_wconf 82' lang='lat' dir='ltr'><strong>jugu-</strong></span> 
     </span>
     <span class='ocr_line' id='line_1_31' title="bbox 1211 3893 3084 3982; baseline 0.002 -25"><span class='ocrx_word' id='word_1_195' title='bbox 1211 3893 1467 3972; x_wconf 91' lang='lat' dir='ltr'><strong>lari,et,</strong></span> <span class='ocrx_word' id='word_1_196' title='bbox 1481 3896 1759 3978; x_wconf 88' lang='lat' dir='ltr'><strong>copioso</strong></span> <span class='ocrx_word' id='word_1_197' title='bbox 1779 3897 1937 3979; x_wconf 82' lang='lat' dir='ltr'><strong>igne</strong></span> <span class='ocrx_word' id='word_1_198' title='bbox 1955 3900 2336 3981; x_wconf 87' lang='lat' dir='ltr'><strong>supposito,</strong></span> <span class='ocrx_word' id='word_1_199' title='bbox 2348 3901 2546 3982; x_wconf 88' lang='lat' dir='ltr'><strong>quasi</strong></span> <span class='ocrx_word' id='word_1_200' title='bbox 2565 3899 2653 3963; x_wconf 89' lang='lat' dir='ltr'><strong>ad</strong></span> <span class='ocrx_word' id='word_1_201' title='bbox 2672 3918 2846 3982; x_wconf 89' lang='lat' dir='ltr'><strong>opus</strong></span> <span class='ocrx_word' id='word_1_202' title='bbox 2870 3918 3084 3962; x_wconf 86' lang='lat' dir='ltr'><strong>coenae</strong></span> 
     </span>
     <span class='ocr_line' id='line_1_32' title="bbox 1210 3994 3082 4082; baseline 0.002 -25"><span class='ocrx_word' id='word_1_203' title='bbox 1210 3995 1448 4058; x_wconf 87' lang='lat' dir='ltr'><strong>assari.</strong></span> <span class='ocrx_word' id='word_1_204' title='bbox 1551 3994 1596 4058; x_wconf 84' lang='lat' dir='ltr'>J</span> <span class='ocrx_word' id='word_1_205' title='bbox 1602 3995 1779 4058; x_wconf 91' lang='lat' dir='ltr'><strong>ussit</strong></span> <span class='ocrx_word' id='word_1_206' title='bbox 1820 3996 2026 4060; x_wconf 88' lang='lat' dir='ltr'><strong>etiam</strong></span> <span class='ocrx_word' id='word_1_207' title='bbox 2068 3999 2236 4075; x_wconf 87' lang='lat' dir='ltr'><strong>suis,</strong></span> <span class='ocrx_word' id='word_1_208' title='bbox 2271 3998 2479 4081; x_wconf 90' lang='lat' dir='ltr'><strong>quod,</strong></span> <span class='ocrx_word' id='word_1_209' title='bbox 2515 3999 2575 4062; x_wconf 91' lang='lat' dir='ltr'><strong>si</strong></span> <span class='ocrx_word' id='word_1_210' title='bbox 2617 4000 2704 4062; x_wconf 90' lang='lat' dir='ltr'><strong>ab</strong></span> <span class='ocrx_word' id='word_1_211' title='bbox 2739 3998 3082 4082; x_wconf 86' lang='lat' dir='ltr'><strong>aliquibus</strong></span> 
     </span>
    </p>
   </div>
   <div class='ocr_carea' id='block_1_3' title="bbox 1202 4205 3085 4690">
    <p class='ocr_par' dir='ltr' id='par_1_3' title="bbox 1202 4205 3085 4690">
     <span class='ocr_line' id='line_1_33' title="bbox 1275 4205 3085 4279; baseline 0.002 -21"><span class='ocrx_word' id='word_1_212' title='bbox 1275 4207 1291 4239; x_wconf 90' lang='lat'>¹</span> <span class='ocrx_word' id='word_1_213' title='bbox 1318 4205 1872 4279; x_wconf 73' lang='lat' dir='ltr'><strong>Pronppamtacoenae.]</strong></span> <span class='ocrx_word' id='word_1_214' title='bbox 1910 4211 2120 4260; x_wconf 79' lang='lat' dir='ltr'><strong>Malms·</strong></span> <span class='ocrx_word' id='word_1_215' title='bbox 2167 4212 2252 4263; x_wconf 85' lang='lat' dir='ltr'><strong>the</strong></span> <span class='ocrx_word' id='word_1_216' title='bbox 2284 4217 2391 4263; x_wconf 84' lang='lat' dir='ltr'><strong>text</strong></span> <span class='ocrx_word' id='word_1_217' title='bbox 2412 4212 2613 4262; x_wconf 85' lang='lat' dir='ltr'><strong>Gibbon</strong></span> <span class='ocrx_word' id='word_1_218' title='bbox 2644 4213 2756 4271; x_wconf 80' lang='lat' dir='ltr'><strong>bas.</strong></span> <span class='ocrx_word' id='word_1_219' title='bbox 2786 4212 2942 4262; x_wconf 74' lang='lat' dir='ltr'><strong>‘This</strong></span> <span class='ocrx_word' id='word_1_220' title='bbox 2972 4227 3085 4262; x_wconf 80' lang='lat' dir='ltr'><strong>can·</strong></span> 
     </span>
     <span class='ocr_line' id='line_1_34' title="bbox 1204 4279 3080 4345; baseline 0.002 -17"><span class='ocrx_word' id='word_1_221' title='bbox 1204 4279 1331 4340; x_wconf 78' lang='lat' dir='ltr'><strong>bury</strong></span> <span class='ocrx_word' id='word_1_222' title='bbox 1355 4285 1527 4342; x_wconf 78' lang='lat' dir='ltr'><strong>states,</strong></span> <span class='ocrx_word' id='word_1_223' title='bbox 1548 4281 1655 4329; x_wconf 84' lang='lat' dir='ltr'><strong>that</strong></span> <span class='ocrx_word' id='word_1_224' title='bbox 1687 4281 1772 4330; x_wconf 86' lang='lat' dir='ltr'><strong>the</strong></span> <span class='ocrx_word' id='word_1_225' title='bbox 1794 4280 1978 4330; x_wconf 79' lang='lat' dir='ltr'><strong>famine</strong></span> <span class='ocrx_word' id='word_1_226' title='bbox 2008 4295 2116 4330; x_wconf 77' lang='lat' dir='ltr'><strong>was</strong></span> <span class='ocrx_word' id='word_1_227' title='bbox 2166 4284 2303 4333; x_wconf 81' lang='lat' dir='ltr'><strong>nibal</strong></span> <span class='ocrx_word' id='word_1_228' title='bbox 2356 4283 2567 4345; x_wconf 79' lang='lat' dir='ltr'><strong>hunger,</strong></span> <span class='ocrx_word' id='word_1_229' title='bbox 2621 4282 2906 4333; x_wconf 80' lang='lat' dir='ltr'><strong>sometimes</strong></span> <span class='ocrx_word' id='word_1_230' title='bbox 2959 4283 3080 4341; x_wconf 78' lang='lat' dir='ltr'><strong>real,</strong></span> 
     </span>
     <span class='ocr_line' id='line_1_35' title="bbox 1204 4351 3083 4414; baseline 0 -15"><span class='ocrx_word' id='word_1_231' title='bbox 1204 4363 1260 4399; x_wconf 80' lang='lat' dir='ltr'><strong>so</strong></span> <span class='ocrx_word' id='word_1_232' title='bbox 1295 4363 1465 4399; x_wconf 80' lang='lat' dir='ltr'><strong>severe</strong></span> <span class='ocrx_word' id='word_1_233' title='bbox 1497 4351 1605 4399; x_wconf 83' lang='lat' dir='ltr'><strong>that</strong></span> <span class='ocrx_word' id='word_1_234' title='bbox 1635 4351 1821 4399; x_wconf 87' lang='lat' dir='ltr'><strong>human</strong></span> <span class='ocrx_word' id='word_1_235' title='bbox 1853 4351 1975 4400; x_wconf 78' lang='lat' dir='ltr'><strong>flesb</strong></span> <span class='ocrx_word' id='word_1_236' title='bbox 2008 4365 2116 4400; x_wconf 80' lang='lat' dir='ltr'><strong>was</strong></span> <span class='ocrx_word' id='word_1_237' title='bbox 2167 4367 2301 4402; x_wconf 77' lang='lat' dir='ltr'><strong>more</strong></span> <span class='ocrx_word' id='word_1_238' title='bbox 2335 4352 2616 4414; x_wconf 75' lang='lat' dir='ltr'><strong>frequently</strong></span> <span class='ocrx_word' id='word_1_239' title='bbox 2647 4368 2712 4402; x_wconf 82' lang='lat' dir='ltr'><strong>an</strong></span> <span class='ocrx_word' id='word_1_240' title='bbox 2744 4353 2935 4401; x_wconf 78' lang='lat' dir='ltr'><strong>artifioe</strong></span> <span class='ocrx_word' id='word_1_241' title='bbox 2967 4366 3023 4399; x_wconf 92' lang='lat' dir='ltr'><strong>or</strong></span> <span class='ocrx_word' id='word_1_242' title='bbox 3050 4366 3083 4399; x_wconf 79' lang='grc' dir='ltr'>ι</span> 
     </span>
     <span class='ocr_line' id='line_1_36' title="bbox 1202 4419 3082 4484; baseline 0.001 -16"><span class='ocrx_word' id='word_1_243' title='bbox 1202 4419 1423 4480; x_wconf 84' lang='lat' dir='ltr'><strong>actually</strong></span> <span class='ocrx_word' id='word_1_244' title='bbox 1444 4424 1618 4478; x_wconf 84' lang='lat' dir='ltr'><strong>eaten;</strong></span> <span class='ocrx_word' id='word_1_245' title='bbox 1640 4420 1656 4448; x_wconf 91' lang='lat'>‘</span> <span class='ocrx_word' id='word_1_246' title='bbox 1673 4436 1765 4469; x_wconf 87' lang='lat' dir='ltr'><strong>nec</strong></span> <span class='ocrx_word' id='word_1_247' title='bbox 1786 4419 2012 4481; x_wconf 77' lang='lat' dir='ltr'><strong>defuere,</strong></span> <span class='ocrx_word' id='word_1_248' title='bbox 2027 4423 2114 4481; x_wconf 88' lang='lat' dir='ltr'><strong>qui</strong></span> <span class='ocrx_word' id='word_1_249' title='bbox 2164 4422 2251 4484; x_wconf 89' lang='lat' dir='ltr'><strong>lie,</strong></span> <span class='ocrx_word' id='word_1_250' title='bbox 2270 4437 2386 4484; x_wconf 78' lang='lat' dir='ltr'><strong>may</strong></span> <span class='ocrx_word' id='word_1_251' title='bbox 2409 4423 2471 4472; x_wconf 87' lang='lat' dir='ltr'><strong>be</strong></span> <span class='ocrx_word' id='word_1_252' title='bbox 2503 4422 2655 4471; x_wconf 75' lang='lat' dir='ltr'><strong>found</strong></span> <span class='ocrx_word' id='word_1_253' title='bbox 2689 4423 2742 4471; x_wconf 87' lang='lat' dir='ltr'><strong>in</strong></span> <span class='ocrx_word' id='word_1_254' title='bbox 2764 4422 2916 4470; x_wconf 80' lang='lat' dir='ltr'><strong>Anna</strong></span> <span class='ocrx_word' id='word_1_255' title='bbox 2938 4421 3082 4470; x_wconf 85' lang='lat' dir='ltr'><strong>Com·</strong></span> 
     </span>
     <span class='ocr_line' id='line_1_37' title="bbox 1202 4489 3081 4555; baseline 0.001 -19"><span class='ocrx_word' id='word_1_256' title='bbox 1202 4489 1450 4538; x_wconf 85' lang='lat' dir='ltr'><strong>cadavera</strong></span> <span class='ocrx_word' id='word_1_257' title='bbox 1467 4490 1797 4539; x_wconf 74' lang='lat' dir='ltr'><strong>cadaveribus</strong></span> <span class='ocrx_word' id='word_1_258' title='bbox 1812 4489 2115 4553; x_wconf 80' lang='lat' dir='ltr'><strong>infarcirent,</strong></span> <span class='ocrx_word' id='word_1_259' title='bbox 2165 4506 2310 4555; x_wconf 81' lang='lat' dir='ltr'><strong>uena,</strong></span> <span class='ocrx_word' id='word_1_260' title='bbox 2333 4494 2484 4542; x_wconf 83' lang='lat' dir='ltr'><strong>Alex.</strong></span> <span class='ocrx_word' id='word_1_261' title='bbox 2508 4492 2544 4542; x_wconf 91' lang='lat'><strong>1.</strong></span> <span class='ocrx_word' id='word_1_262' title='bbox 2569 4508 2619 4543; x_wconf 88' lang='lat' dir='ltr'><strong>x.</strong></span> <span class='ocrx_word' id='word_1_263' title='bbox 2643 4507 2698 4554; x_wconf 81' lang='lat' dir='ltr'><strong>p.</strong></span> <span class='ocrx_word' id='word_1_264' title='bbox 2714 4491 2857 4552; x_wconf 75' lang='lat'>2883&#39;</span> <span class='ocrx_word' id='word_1_265' title='bbox 2889 4490 2991 4539; x_wconf 85' lang='lat' dir='ltr'><strong>vol.</strong></span> <span class='ocrx_word' id='word_1_266' title='bbox 3012 4491 3081 4538; x_wconf 83' lang='lat' dir='ltr'><strong>xi.</strong></span> 
     </span>
     <span class='ocr_line' id='line_1_38' title="bbox 1202 4556 2464 4625; baseline 0.005 -19"><span class='ocrx_word' id='word_1_267' title='bbox 1202 4558 1431 4610; x_wconf 83' lang='lat' dir='ltr'><strong>humanis</strong></span> <span class='ocrx_word' id='word_1_268' title='bbox 1464 4560 1596 4620; x_wconf 79' lang='lat' dir='ltr'><strong>pasti</strong></span> <span class='ocrx_word' id='word_1_269' title='bbox 1631 4559 1901 4609; x_wconf 66' lang='lat' dir='ltr'><strong>carnibus!</strong></span> <span class='ocrx_word' id='word_1_270' title='bbox 1941 4556 1967 4623; x_wconf 83' lang='lat'>§</span> <span class='ocrx_word' id='word_1_271' title='bbox 2000 4562 2112 4609; x_wconf 72' lang='lat'><strong>⁸62.</strong></span> <span class='ocrx_word' id='word_1_272' title='bbox 2163 4576 2215 4622; x_wconf 88' lang='lat' dir='ltr'><strong>p.</strong></span> <span class='ocrx_word' id='word_1_273' title='bbox 2237 4566 2464 4625; x_wconf 51' lang='lat' dir='ltr'><strong>(somate.</strong></span> 
     </span>
     <span class='ocr_line' id='line_1_39' title="bbox 1204 4628 2109 4690; baseline -0.001 -12"><span class='ocrx_word' id='word_1_274' title='bbox 1204 4630 1353 4690; x_wconf 85' lang='lat' dir='ltr'><strong>Upon</strong></span> <span class='ocrx_word' id='word_1_275' title='bbox 1383 4630 1465 4678; x_wconf 87' lang='lat' dir='ltr'><strong>the</strong></span> <span class='ocrx_word' id='word_1_276' title='bbox 1497 4644 1612 4679; x_wconf 80' lang='lat' dir='ltr'><strong>ruse</strong></span> <span class='ocrx_word' id='word_1_277' title='bbox 1645 4629 1702 4678; x_wconf 84' lang='lat' dir='ltr'><strong>of</strong></span> <span class='ocrx_word' id='word_1_278' title='bbox 1734 4628 2019 4679; x_wconf 86' lang='lat' dir='ltr'><strong>Bohemond</strong></span> <span class='ocrx_word' id='word_1_279' title='bbox 2057 4630 2109 4678; x_wconf 88' lang='lat' dir='ltr'><strong>in</strong></span> 
     </span>
    </p>
   </div>
  </div>
 </body>
</html>
