3457 5887
992 865 1266 913 nonus
1318 865 1847 914 msronunuu.
2307 853 2351 914 '7

486 1026 662 1084 tates
695 1040 930 1086 eorum
963 1025 1049 1087 ab
1091 1024 1190 1087 eis
1236 1024 1705 1088 extorsissent.
1808 1023 2005 1087 Tunc
2044 1023 2138 1087 ibi
2170 1023 2350 1087 inter
2373 1041 2479 1082 Ab.
2502 1042 2614 1080 ιωο.

487 1118 620 1183 duo
672 1120 955 1186 flumina
990 1123 1203 1187 Usam
1247 1130 1317 1186 et
1360 1122 1615 1187 Trente
1663 1122 2063 1198 hiemantes,
2111 1142 2347 1186 omnes

487 1220 786 1299 regionis
818 1221 1078 1285 incolas
1108 1221 1723 1286 immisericorditer
1753 1220 2181 1302 affligebant3
2226 1222 2347 1284 sed

488 1317 896 1397 willelmus,
946 1321 1165 1385 bieme
1207 1329 1621 1398 transcursa,
1669 1340 1823 1384 cum
1879 1321 2177 1384 maxima
2237 1340 2348 1383 ar-

487 1425 823 1481 matorum
877 1421 1075 1503 copia
1127 1420 1633 1504 superveniens,
1682 1419 1996 1484 fortiores
2051 1419 2346 1483 hostium

489 1514 779 1597 fugavit,
811 1525 882 1582 et
913 1520 1205 1583 minores
1254 1538 1470 1601 usque
1503 1519 1588 1583 ad
1619 1538 1828 1583 unum
1872 1518 1943 1581 in
1988 1537 2103 1582 ore
2135 1518 2346 1600 gladii

489 1615 877 1681 trucidavit.
940 1618 1407 1683 Veruntamen
1437 1618 1894 1693 Waltheofus,
1923 1618 2167 1700 amplae
2191 1637 2348 1700 pro-

489 1716 702 1796 sapiae
750 1736 998 1794 comes,
1041 1718 1114 1781 in
1156 1717 1392 1781 eadem
1441 1737 1674 1801 pugna
1721 1718 1952 1800 plures
2004 1715 2347 1781 Norman-

494 1833 732 1877 norum
781 1816 966 1879 solus
1013 1816 1559 1894 detruncaverat,
1602 1815 1910 1899 singulos
1940 1834 2062 1898 per
2085 1815 2350 1879 castelli

490 1921 723 1994 portas
757 1915 1150 1998 decapitans
1177 1916 1601 1997 gradientes;
1631 1916 1752 1979 sed
1782 1913 2166 1978 Willelmus
2199 1922 2350 1977 tan-

491 2010 644 2074 dem
690 2014 1045 2078 victoriam
1099 2015 1386 2097 adeptus
1436 2023 1565 2091 est,
1616 2012 2025 2078 adversariis
2077 2013 2350 2096 penitus

490 2110 895 2193 profugatis.
994 2113 1192 2177 Tunc
1227 2113 1585 2195 Eadgarus
1621 2112 1969 2194 Etheling,
1999 2112 2086 2175 ad
2120 2131 2349 2194 regem

494 2209 917 2274 willelmum
955 2213 1256 2288 veniens,
1308 2232 1543 2295 pacem
1594 2213 1679 2275 ab
1719 2231 1801 2276 eo
1855 2221 1925 2275 et
1976 2211 2350 2275 misericor-

497 2307 679 2372 diam
704 2311 1062 2393 postulans
1090 2311 1505 2394 impetravit,
1535 2317 1605 2375 et
1637 2311 1699 2374 ei
1720 2310 2117 2374 fidelitatem
2149 2310 2330 2373 fecit.

884 2485 983 2548 De
1009 2484 1291 2549 servituto
1315 2482 1566 2550 oookriae
1584 2483 1965 2570 Anqlioanae.

591 2605 794 2671 Anno
845 2608 1126 2673 Domini
1179 2624 1412 2672 MLxx.
1459 2628 1584 2672 rex
1618 2607 2029 2685 Willelmus,
2059 2607 2355 2691 pessimo
2377 2627 2493 2718 &a
2509 2626 2618 2716 ἔξω.

490 2725 655 2769 usus
688 2707 993 2784 consilio,
1036 2707 1262 2772 omnia
1296 2705 1677 2788 Aug-lorum
1723 2708 2141 2771 monasteria
2185 2726 2354 2771 auro
2377 2725 2636 2769 meumes.

491 2805 795 2887 spolians
816 2813 885 2869 et
902 2813 1211 2887 argento,
1236 2805 1322 2869 ad
1340 2806 1665 2889 majorem
1686 2807 1836 2889 [aio]
1859 2814 2118 2870 sanctae
2139 2805 2349 2870 eccle-

497 2904 620 2967 siae
659 2906 1089 2987 opprobrium
1120 2905 1446 2970 calicibus
1473 2913 1543 2969 et
1572 2904 1836 2971 feretris
1861 2925 1999 2969 non
2026 2906 2351 2989 pepercit.

501 3002 958 3085 Episcopatus
992 3024 1262 3087 quoque
1303 3011 1373 3068 et
1415 3005 1725 3068 abbatias
1761 3024 2018 3080 omneS,
2049 3024 2204 3087 quae
2230 3008 2352 3069 ba-

498 3103 730 3166 ronias
795 3104 1116 3167 tenebant
1188 3112 1258 3168 et
1318 3111 1602 3167 eatenus
1670 3105 1758 3167 ab
1828 3104 2013 3167 omni
2079 3105 2357 3168 servitio

496 3200 786 3265 seculari
823 3202 1205 3267 libertatem
1238 3203 1640 3279 habuerant,
1670 3203 1800 3265 sub
1842 3202 2171 3267 servitute
2218 3210 2359 3266 sta-

493 3300 627 3364 tuit
668 3300 970 3377 militari,
1012 3301 1379 3365 irrotulans
1445 3300 1753 3383 sing-ulos
1808 3302 2242 3383 episcopatus
2286 3310 2354 3365 et

497 3399 806 3463 abbatias
855 3421 980 3484 pro
1005 3401 1360 3464 voluntate
1404 3418 1554 3478 sua,
1603 3407 1773 3483 quot
1815 3400 2065 3464 milites
2108 3400 2238 3464 sibi
2282 3407 2352 3463 et

495 3500 993 3563 successoribus
1039 3499 1204 3576 suis,
1242 3498 1638 3562 hostilitatis
1685 3506 2012 3581 tempore,
2041 3499 2260 3563 voluit
2307 3518 2353 3562 a

494 3597 780 3679 singulis
824 3597 1169 3677 exhiberi3
1215 3606 1285 3662 et
1313 3598 1571 3661 rotulos
1623 3598 1825 3681 hujus
1872 3598 2350 3662 ecclesiasticae

495 3698 843 3761 servitutis
892 3716 1153 3779 ponens
1199 3699 1271 3761 in
1324 3698 1685 3773 thesauriS,
1719 3697 1973 3760 multos
2006 3698 2188 3761 viros
2240 3715 2350 3760 ec-

496 3795 912 3860 clesiasticos
955 3797 1111 3860 huic
1155 3797 1624 3861 constitutioni
1659 3795 1973 3879 pessimae
2018 3797 2355 3860 reluctan-

500 3903 602 3958 tes
659 3914 702 3958 a
751 3915 963 3976 regno
1009 3896 1298 3977 fugavit.
1400 3894 1540 3958 Sub
1594 3895 1721 3958 bac
1767 3902 2175 3977 tempestate
2213 3894 2352 3959 Sti-

498 3995 785 4074 ganduS,
835 3994 1345 4058 cantuariensis
1392 3994 1966 4077 archiepiscopuS,
2011 4002 2081 4057 et
2112 3988 2352 4058 ¹Alex·

498 4092 708 4156 ander
768 4092 1283 4170 LincolniensiS,
1350 4093 1531 4158 facto
1594 4093 1679 4157 ad
1749 4092 1992 4157 Scotos
2050 4093 2354 4174 diffugio,

497 4212 754 4256 moram
799 4193 886 4256 ad
943 4201 1208 4276 tempus
1257 4192 1564 4256 fecerunt
1609 4192 1896 4270 ibidem3
1949 4192 2136 4255 solus
2178 4192 2355 4255 inter

494 4311 728 4355 omnes
766 4291 1038 4374 Angliae
1071 4292 1393 4376 praelatos
1426 4292 1845 4373 Egelwinus,
1876 4287 2355 4354 Dunelmensis

570 4497 929 4569 'Alexander-J
965 4502 1050 4550 He
1085 4502 1131 4550 is
1164 4506 1250 4550 not
1269 4517 1401 4550 men·
1448 4502 1575 4552 have
1596 4502 1721 4551 been
1752 4501 2051 4551 transferred
2078 4507 2129 4550 to
2152 4499 2359 4549 Lincoln

495 4571 661 4621 tioned
681 4572 748 4633 by
772 4572 1105 4634 Malmsbury,
1125 4586 1214 4620 nor
1244 4574 1289 4620 is
1317 4572 1400 4620 the
1447 4573 1575 4621 until
1596 4571 1724 4622 aster
1744 4572 1846 4621 this
1865 4572 1999 4621 date.

499 4654 580 4689 see
623 4641 681 4690 os
716 4642 1017 4692 Dorchester
1058 4641 1310 4703 supposed
1350 4646 1401 4690 to
