3457 5887
807 1028 914 1069 AD.
936 1028 1045 1067 uss.

809 1616 1057 1658 saladino-

810 1667 1039 1707 tire-stom

812 1717 1086 1758 Morem

827 3995 1090 4037 mndrnuee·

825 4052 872 4087 to
887 4046 960 4086 the

827 4097 1024 4139 crunde-

1125 830 1254 896 434
1614 842 1883 892 nocam
1938 842 2030 891 ns
2076 842 2491 893 wal-:novas

1128 1024 1243 1070 ces
1302 1012 1372 1068 et
1431 1002 1670 1067 mediae
1726 1019 1970 1065 manus
2037 999 2349 1064 homiues
2402 997 2767 1063 bellatores
2832 1018 3009 1063 con-

1128 1111 1330 1187 cepto
1396 1101 1779 1167 devotionis
1840 1100 2109 1165 fervore
2169 1099 2539 1175 ducuntur,
2597 1098 2796 1181 quod,
2851 1100 3007 1162 suis

1130 1203 1407 1286 reg-ibus
1440 1201 1549 1267 vel
1582 1200 1872 1265 dominis
1910 1218 2049 1264 non
2083 1199 2527 1283 exspectatis,
2563 1199 2654 1261 ab
2686 1199 3009 1261 extremis

1132 1301 1369 1367 mundi
1400 1300 1710 1385 partibus
1741 1299 2101 1364 confluunt
2131 1299 2429 1364 Domino
2463 1297 2810 1362 servituri.

1298 1474 1475 1556 Quod
1495 1472 1886 1539 Salaadinus
1911 1470 1990 1536 ab
2017 1470 2232 1536 Ankon
2262 1472 2554 1557 confusus
2581 1471 2832 1536 recessit.

1265 1598 1426 1663 Rex
1489 1605 1720 1662 autem
1790 1592 2433 1677 Hierosolymarum
2498 1592 3003 1674 peregrinorum

1129 1696 1561 1763 multitudine
1618 1693 1926 1760 vallatus
1989 1692 2154 1756 fecit
2215 1711 2378 1755 suos
2433 1710 2657 1755 omues
2712 1690 2795 1754 de
2843 1690 2997 1754 Tu-

1128 1817 1298 1862 rono
1331 1793 1767 1871 descendere,
1799 1799 1870 1857 et
1913 1810 2053 1856 una
2091 1810 2246 1855 cum
2284 1791 2687 1874 peregrinis,
2714 1791 2829 1872 qui
2866 1810 3002 1853 nu-

1130 1915 1254 1980 per
1309 1895 1758 1970 advenerant,
1808 1898 1969 1957 ante
2033 1891 2386 1955 civitatem
2439 1897 2674 1953 castra
2725 1890 3000 1953 locavit.

1135 1994 1311 2060 Post
1365 1993 1513 2058 dies
1562 1999 1792 2058 autem
1846 2008 2105 2074 paucos
2162 1990 2654 2073 superveniens
2706 1987 3016 2053 Salaadi-

1136 2112 1266 2158 nus
1296 2095 1372 2157 in
1403 2112 1610 2157 manu
1649 2092 1933 2155 robusta
1970 2091 2299 2173 impetum
2335 2090 2410 2153 in
2446 2087 2882 2154 Christianos
2912 2088 3012 2152 fe·

1134 2194 1231 2259 cit
1273 2191 1700 2268 acerrimum,
1743 2197 1824 2254 ut
1855 2190 1977 2272 qui
2014 2190 2308 2272 putabat
2335 2207 2455 2253 eos
2497 2188 2763 2252 insultu
2792 2187 3014 2270 primo

1134 2290 1549 2371 vincendos3
1595 2298 1671 2355 at
1703 2288 1941 2354 fideles
1981 2289 2057 2353 in
2098 2308 2313 2352 unum
2353 2287 2778 2370 conglobati,
2812 2287 3013 2369 quasi

1134 2411 1261 2476 pro
1316 2391 1676 2455 animabus
1738 2390 2190 2466 decertantes,
2241 2387 2533 2452 viriliter
2588 2387 3019 2461 restiterunt,

1133 2511 1307 2575 quos
1349 2490 1764 2556 Salaadiuus
1807 2487 2249 2570 circumcingi
2271 2487 2549 2571 jubens,
2590 2505 2715 2569 pro
2754 2485 3027 2569 impos-

1135 2590 1339 2669 sibili,
1378 2591 1563 2673 quod
1608 2610 1699 2654 ex
1743 2588 2057 2660 omnibus
2109 2605 2230 2670 pes
2283 2605 2463 2650 unus
2506 2585 2839 2661 evaderet,
2887 2584 3018 2667 ju-

1135 2691 1434 2767 dicabat,
1470 2689 1592 2754 sed
1627 2688 1830 2753 aliter
1858 2687 2080 2752 visum
2113 2694 2223 2751 est
2254 2685 2340 2750 Ei
2370 2685 2492 2768 qui
2531 2685 2811 2766 dissipat
2839 2702 3010 2747 con-

1136 2790 1292 2855 silia
1320 2790 1789 2871 reproborum.
1836 2785 2023 2852 Nam
2053 2804 2209 2850 cum
2239 2804 2362 2868 per
2388 2784 2688 2849 triduum
2712 2782 3015 2847 insultus

1136 2889 1512 2955 infidelium
1576 2887 1881 2970 undique
1934 2885 2355 2952 venientium
2418 2883 2884 2969 pertulissent,
2944 2891 3023 2946 et

1127 2990 1279 3075 jam
1327 2990 1527 3073 quasi
1567 2987 1907 3052 debilitati
1947 2986 2039 3050 ab
2079 2984 2392 3050 hostibus
2440 2984 2727 3050 deficere
2769 2982 3021 3065 coepis-

1138 3097 1317 3169 sent,
1353 3108 1512 3154 ecce
1552 3087 1898 3171 aspiciunt
1938 3085 2229 3150 classem
2270 3103 2428 3149 cum
2468 3083 2827 3148 duodecim
2860 3081 3021 3145 mil·

1139 3188 1319 3252 libus
1350 3187 1707 3253 Danorum
1741 3193 1814 3251 et
1848 3184 2215 3250 Frisonum
2246 3182 2420 3249 velis
2443 3182 2879 3248 sinuantibus
2908 3199 3021 3244 ac-

1140 3286 1379 3352 cedere
1435 3286 1521 3350 ad
1566 3297 1865 3369 portum,
1918 3303 2149 3368 quem,
2204 3284 2358 3348 Deo
2404 3282 2811 3367 opitulante,
2860 3300 3017 3345 cum

1140 3386 1598 3470 prosperitate
1644 3391 1890 3468 optata
1933 3384 2384 3449 intraverunt.
2477 3381 2616 3446 His
2656 3389 2730 3445 et
2778 3378 3020 3463 hujus-

1143 3487 1350 3563 modi,
1393 3504 1550 3568 quae
1599 3483 1855 3549 fiebant
1899 3483 2195 3561 assidue,
2244 3482 2623 3547 visionibus
2667 3487 3023 3564 permotus

1142 3584 1554 3650 Salaadinus
1599 3582 1925 3650 confusus
1974 3582 2063 3646 ad
2106 3590 2307 3647 terrae
2352 3601 2498 3646 suae
2541 3580 2865 3645 inferiora
2906 3578 3025 3642 de-

1142 3684 1432 3750 scandit.

1438 3855 1540 3918 Do
1579 3875 1799 3941 mayuo
1830 3853 2247 3941 mpedimento
2281 3862 2459 3918 terret
2489 3860 2719 3917 sam.

1276 3975 1596 4043 Accessit
1644 3984 1876 4042 autem
1926 3976 2035 4041 his
2084 3976 2321 4043 diebus
2372 3977 2463 4041 ad
2515 3984 2714 4042 terrae
2756 3980 3019 4038 sanctae

1147 4096 1470 4161 magnum
1524 4076 2087 4159 impedimentum
2143 4077 2507 4154 discordia,
2572 4095 2729 4158 quae
2776 4093 3022 4157 nuper,

1148 4186 1219 4244 et
1259 4184 1417 4262 post
1458 4195 1728 4241 crucem
1766 4184 2185 4259 susceptam,
2226 4177 2407 4241 inter
2447 4195 2682 4258 regem
2729 4174 3028 4238 Franco-

1148 4296 1300 4343 rum
1328 4285 1400 4343 et
1428 4275 1744 4342 comitem
1778 4275 2285 4342 Pictaviensem
2320 4274 2743 4340 Richardum
2770 4294 2863 4338 ex
2890 4291 3032 4336 una

1150 4385 1347 4462 parte
1399 4384 1470 4442 et
1524 4376 1928 4453 Henricum,
1985 4396 2218 4459 regem
2270 4374 2683 4457 Auglorum,
2728 4371 3032 4437 surrexit

1152 4496 1242 4541 ex
1303 4477 1545 4554 altera,
1595 4477 1768 4540 adeo
1822 4475 2100 4559 quidem
2152 4483 2231 4539 ut
2282 4482 2522 4539 mutua
2590 4473 2682 4538 ad
2735 4472 3033 4536 invicem

1148 4577 1433 4642 castella
1474 4576 1895 4659 surriperent
1935 4583 2007 4638 et
2050 4575 2269 4640 multa
2302 4574 2485 4639 mala
2526 4574 2599 4637 iu
2643 4571 3031 4637 homicidiis
