3457 5887
835 830 1108 879 nouus
1155 830 1683 881 ms‘romAnuM.
2053 814 2183 881 387

314 993 425 1051 tur
454 984 791 1062 alterutri,
821 1005 947 1050 nec
977 984 1364 1070 quicquam,
1389 1004 1526 1069 quo
1553 987 1779 1051 minus
1806 987 2183 1053 restitutio-
2205 1005 2314 1047 ω.
2334 1006 2447 1047 ιυο.

315 1104 434 1149 nes
477 1104 651 1169 quas
701 1087 1027 1167 petebant
1071 1085 1397 1149 faciendae
1445 1093 1698 1163 essent,
1746 1086 2181 1169 allegaretur,

310 1184 689 1266 plenariam
743 1184 1014 1266 utrique
1063 1184 1242 1266 parti
1291 1185 1858 1267 supradictorum,
1908 1206 2063 1270 quae
2109 1187 2183 1251 in

305 1284 465 1367 jure
507 1284 727 1366 petita
768 1289 990 1360 erant,
1046 1283 1544 1347 restitutionem
1597 1283 1938 1367 judicavit
1973 1306 1991 1365 ;
2059 1286 2182 1350 ad-

305 1382 548 1466 junxit
583 1383 814 1456 etiam,
853 1389 1132 1464 treugas
1165 1381 1492 1463 praefatas
1526 1382 1706 1447 inter
1740 1402 1857 1448 eos
1894 1384 2028 1449 fide
2072 1385 2181 1448 fir-

314 1488 540 1545 matas
573 1500 789 1564 usque
822 1481 910 1544 ad
941 1481 1390 1546 constitutum
1419 1482 1781 1546 terminum
1815 1502 1965 1547 esse
2003 1484 2182 1547 invi·

315 1580 659 1644 olabiliter
694 1579 1194 1659 observandas3
1238 1579 1577 1664 judicavit
1609 1582 1814 1646 etiam
1847 1602 1974 1664 pro
2002 1583 2183 1647 bono

315 1679 532 1761 pacis,
575 1686 653 1743 ut
699 1698 825 1744 rex
868 1678 1287 1743 Aldefonsus
1335 1678 1545 1743 donet
1597 1680 1967 1745 liberaliter
2013 1681 2186 1746 San-

315 1779 424 1843 cio
471 1778 620 1861 regi
661 1779 952 1860 singulis
998 1778 1196 1842 annis
1238 1796 1458 1861 usque
1494 1777 1580 1842 ad
1615 1779 2014 1844 decennium
2053 1782 2186 1845 tria

316 1877 534 1942 millia
575 1877 1178 1955 marabotinorum,
1209 1884 1279 1941 et
1312 1878 1411 1941 sic
1453 1896 1691 1959 pacem
1734 1878 2059 1943 haberent
2098 1880 2186 1943 ad

315 1976 611 2040 invicem
657 1983 727 2042 et
768 1982 1166 2058 perpetuam
1211 1976 1528 2041 amicitiae
1569 1976 1984 2042 firmitatem.
2103 1978 2189 2041 In

317 2074 575 2139 eisdem
619 2094 787 2140 sane
835 2075 1073 2139 diebus
1119 2076 1340 2140 nuntii
1384 2075 1755 2154 Manuelis,
1794 2075 2190 2141 Constanti-

319 2174 702 2256 nopolitani
740 2173 1190 2257 imperatoris,
1225 2174 1447 2239 nuntii
1485 2174 1787 2240 Romani
1824 2176 2193 2257 imperato·

317 2272 417 2336 ris
457 2273 824 2350 Frederici,
857 2274 1080 2337 nuntii
1113 2273 1469 2351 willelmi,
1501 2274 1946 2339 Treverensis
1974 2274 2194 2338 archi-

320 2372 647 2455 episcopi,
696 2373 915 2436 nuntii
963 2371 1274 2449 Henrici,
1329 2372 1525 2437 ducis
1570 2372 1920 2451 Saxonici,
1970 2374 2195 2438 nuntii

323 2470 762 2536 Flandrensis
811 2470 1078 2536 comitis
1142 2471 1469 2554 Philippi,
1513 2491 1686 2555 quos
1730 2473 1925 2538 varia
1967 2472 2196 2536 trahe-

320 2571 490 2635 bant
540 2569 841 2652 negotia‚
879 2576 1208 2654 tanquam
1257 2590 1348 2636 ex
1392 2570 1731 2648 condicto,
1777 2570 1993 2654 pridie
2041 2571 2196 2635 idus

325 2668 737 2735 Novembris
778 2671 852 2733 in
894 2670 1083 2734 curia
1124 2670 1306 2752 regis
1345 2668 1732 2752 Anglorum
1770 2670 1970 2734 simul
2012 2670 2194 2752 apud

320 2768 1008 2834 westmonasterium
1061 2777 1569 2849 convenerunt;
1626 2769 1775 2833 haec
1827 2769 1981 2834 ideo
2026 2769 2197 2834 dici·

322 2887 502 2947 mus,
534 2875 613 2933 ut
655 2875 894 2933 notum
930 2866 1022 2933 sit
1060 2869 1400 2947 omnibus,
1444 2876 1724 2952 quantae
1773 2888 1899 2933 rex
1944 2867 2198 2933 Henri..

323 2983 449 3032 cus
503 2968 858 3051 sapientiae
917 2968 1126 3033 fuerit
1181 2975 1594 3052 quantoeque
1648 2968 2198 3050 magnificentiae,

320 3066 412 3130 ad
442 3068 638 3152 cujus
669 3067 1087 3133 audientiam
1128 3067 1344 3132 totius
1385 3067 1527 3133 fere
1572 3068 1756 3132 orbis
1801 3068 2088 3132 consilia
2129 3076 2199 3133 et

323 3167 538 3232 dubia
569 3167 953 3250 principum
981 3165 1408 3232 discutienda
1428 3165 1692 3251 judicia
1719 3174 2196 3250 pervenerunt.

402 3338 500 3402 Do
527 3338 841 3404 remotione
867 3337 945 3404 ab
976 3337 1223 3404 ecclesia
1255 3340 1330 3404 do
1373 3339 1686 3405 Waltham
1713 3340 2141 3407 canonicorum

1065 3438 1456 3503 secularium.

431 3559 640 3624 Anno
691 3559 970 3625 Domini
1026 3577 1444 3640 mchxvn„
1490 3564 1739 3629 amotis
1786 3567 1874 3629 ab
1918 3565 2470 3631 ecclesiaA.n.11⁷⁷.

321 3659 880 3726 Walthamhensi
911 3662 1281 3738 canonicis,
1313 3656 1518 3746 ¹quos
1558 3664 1898 3728 seculares
1930 3671 2203 3741 vocant,
2229 3641 2459 3729 ἓῖιῗὲιιιῗη.

324 3758 700 3823 introducti
726 3767 890 3824 sunt
919 3759 1267 3842 regulares
1306 3763 1714 3827 auctoritate
1757 3763 2002 3826 summi
2037 3782 2201 3844 pon-
2229 3739 2498 3830 'ffi‘ffi''

326 3858 533 3922 tificis
588 3857 660 3922 in
729 3858 969 3940 vigilia
1040 3858 1508 3937 Pentecostes‚
1569 3881 1731 3942 rege
1795 3868 2204 3943 procurante

331 3956 639 4021 Henrico
672 3965 744 4022 et
775 3965 1161 4040 proesente3
1207 3967 1279 4024 et
1330 3959 1566 4024 eodem
1610 3960 1721 4024 die
1771 3960 2203 4043 Radulphus,

332 4056 783 4121 Cicestrensis
845 4057 1238 4135 canonicus,
1293 4058 1379 4123 de
1440 4078 1648 4123 manu
1709 4059 2203 4125 Londoniensis

327 4156 634 4238 episcopi
705 4175 937 4220 curam
1002 4157 1310 4222 ecclesiae
1384 4158 1732 4240 praedictae
1803 4160 2204 4241 suscipiens,

332 4255 468 4337 ipsi
516 4262 844 4339 tanquam
880 4256 1244 4321 diocesano
1287 4257 1371 4322 de
1413 4259 1744 4323 canonica
1785 4258 2206 4342 subjectione

330 4354 671 4418 servanda
699 4354 927 4418 verbis
968 4374 1043 4419 se
1081 4356 1415 4437 obligavit
1453 4375 1800 4438 expresse,
1838 4364 1932 4433 et,
1974 4356 2203 4418 fratri·

405 4536 423 4568 ¹
444 4539 577 4595 Quos
588 4541 821 4589 oculares
839 4544 1006 4589 vocam
1017 4534 1068 4607 ς]
1092 4540 1109 4567 ‘
1124 4540 1247 4601 quia
1297 4539 1501 4599 quidam
1525 4540 1747 4600 ipsorum
1767 4539 2043 4588 habuerant
2060 4533 2097 4599 ;‘
2113 4539 2208 4588 Di-

333 4609 590 4658 licentiam
609 4609 756 4660 nimia
777 4623 956 4672 vagam
987 4610 1041 4658 in
1072 4609 1245 4659 seculo
1297 4612 1425 4670 ceto,
1446 4609 1541 4658 col.
1565 4612 1678 4657 598.
1842 4680 1875 4726 2
1910 4689 1940 4725 c
1969 4682 2002 4728 2
