3457 5887
1181 834 1311 898 264
1684 850 1949 897 nocam
2000 849 2091 896 οε
2135 845 2550 894 wannovssa

1487 1075 1584 1141 Do
1614 1087 1785 1142 vomo
1818 1077 2139 1143 vehementi
2170 1087 2225 1141 et
2237 1078 2500 1162 flumine
2509 1075 2762 1161 foetido.

865 1226 977 1266 Ab.
999 1225 1111 1264 113³.
1287 1201 1490 1265 Unde
1536 1201 1883 1266 daemones
1932 1202 2217 1265 militem
2257 1201 2332 1264 in
2370 1207 2668 1263 montem
2714 1197 3062 1262 excelsum

865 1274 1164 1375 13‘32‘235‘3?
1188 1301 1613 1384 impellentes
1669 1302 2114 1366 ostenderunt
2159 1300 2222 1363 ei
2269 1299 2625 1382 utriusque
2676 1317 2886 1362 sexus
2939 1298 3061 1362 ho-

897 1375 1076 1416 ’ω
1187 1401 1402 1464 mines
1447 1410 1518 1465 et
1560 1402 1788 1465 aetatis
1830 1402 2119 1465 diversae
2149 1399 2654 1463 multitudinem
2689 1399 3061 1481 copiosam,

1189 1501 1306 1583 qui
1341 1519 1578 1565 omnes
1613 1501 1778 1565 nudi
1803 1501 2157 1578 sedebant,
2191 1507 2263 1564 et
2293 1518 2502 1581 super
2529 1497 2785 1580 digitos
2815 1497 3059 1579 pedum

1189 1600 1479 1677 curvati,
1538 1607 1608 1665 et
1662 1601 1750 1664 ad
1814 1601 2204 1684 aquilonem
2252 1600 2457 1676 versi,
2513 1598 2714 1681 quasi
2774 1606 3058 1660 mortem

1189 1700 1532 1783 perterriti
1587 1701 2125 1784 exspectabant3
2190 1706 2261 1763 et
2324 1717 2482 1763 ecce
2532 1697 2760 1761 subito
2816 1705 3059 1761 ventus

1193 1799 1481 1863 turbinis
1534 1798 1954 1864 vehementis
2021 1800 2109 1864 ab
2173 1798 2493 1882 aquilone
2535 1797 2818 1861 veniens
2874 1797 3054 1878 ipsos

1190 1918 1447 1977 omneS,
1492 1904 1563 1962 et
1605 1920 1762 1965 cum
1807 1901 1907 1963 eis
1952 1899 2258 1976 militem,
2296 1897 2587 1980 arripuit
2621 1903 2692 1962 et
2738 1895 2807 1958 in
2853 1896 3052 1959 aliam

1191 2015 1442 2079 montis
1483 2022 1774 2097 partem,
1820 2014 1891 2077 in
1935 2013 2187 2080 flumen
2236 2013 2560 2096 frigidum
2611 2020 2684 2078 et
2731 2011 3052 2088 soetidum,

1192 2115 1433 2179 flentes
1483 2122 1552 2179 et
1591 2113 2046 2179 vociferantes
2089 2114 2401 2198 projecit,
2440 2122 2536 2191 et,
2570 2132 2728 2178 cum
2758 2112 2844 2175 de
2884 2130 3060 2193 aqua

1194 2214 1636 2297 frigidissima
1677 2233 1959 2296 surgere
2000 2222 2432 2290 conarentur,
2479 2213 2825 2278 daemones
2865 2230 3065 2293 super

1195 2333 1445 2398 aquam
1512 2320 1862 2377 currentes
1922 2313 1995 2376 in
2059 2313 2212 2397 ipso
2274 2333 2511 2378 omnes
2564 2312 2842 2376 flumine
2901 2311 3060 2373 sub·

1198 2420 1619 2492 merserunt3
1684 2419 1758 2476 at
1825 2413 2019 2477 miles
2077 2412 2335 2478 Christi
2395 2433 2639 2478 nomen
2688 2411 3063 2487 invocavit,

1197 2520 1267 2577 et
1300 2513 1656 2577 confestim
1701 2513 1775 2576 in
1818 2512 1952 2576 alia
1996 2531 2073 2576 se
2117 2513 2265 2595 ripa
2311 2513 2589 2577 invenit.
2687 2512 2884 2575 Tunc
2911 2510 3059 2573 dae-

1196 2632 1430 2676 mones
1463 2613 1656 2675 illum
1699 2619 1940 2676 contra
1984 2620 2293 2676 austrum
2323 2613 2684 2690 trabentes,
2720 2619 2790 2675 et
2817 2617 3054 2673 osten-

1196 2711 1434 2776 dentes
1463 2711 1804 2775 fiammam
1845 2713 2260 2775 teterrimam
2303 2719 2373 2776 et
2408 2711 2650 2776 foetore
2688 2709 3058 2792 sulphureo

1195 2811 1470 2894 plenam
1502 2812 1586 2875 de
1618 2819 1829 2893 puteo
1873 2810 2169 2894 quodam
2213 2813 2604 2889 ascendere,
2639 2819 2717 2875 et
2750 2808 3062 2873 homines

1197 2911 1416 2977 nudos
1474 2919 1542 2977 et
1604 2910 1805 2995 qnasi
1870 2911 2109 2994 igneos
2165 2911 2358 2977 velut
2429 2911 2765 2978 scintillas
2827 2910 3068 2992 igneas

1196 3012 1268 3075 in
1325 3030 1553 3078 aerem
1612 3031 1883 3075 sursum
1940 3012 2282 3094 compelli,
2352 3020 2446 3091 et,
2511 3012 2938 3076 flammarum
2999 3011 3064 3075 vi

1198 3111 1578 3189 deficiente,
1637 3111 1883 3175 iterum
1943 3112 2016 3175 in
2074 3114 2303 3193 ignem
2359 3120 2429 3176 et
2471 3120 2758 3195 puteum
2779 3162 2788 3171 .
2811 3110 3064 3189 relabi;

1200 3217 1275 3275 at
1327 3212 1667 3275 daemones
1719 3211 1923 3274 militi
1971 3209 2318 3290 dixerunt,
2360 3215 2378 3246 ‘
2406 3211 2673 3276 Putens
2710 3211 2842 3275 iste
2881 3209 3067 3273 flam-

1200 3311 1534 3376 mivomus
1579 3310 1900 3375 introitus
1964 3320 2071 3375 est
2120 3312 2388 3388 inferni,
2440 3312 2556 3375 nbi
2609 3320 2918 3375 nostrum
2965 3317 3066 3373 est

1199 3410 1689 3487 habitaculum,
1735 3418 1827 3488 et,
1855 3411 2182 3494 quoniam
2221 3411 2415 3476 nobis
2457 3412 2816 3494 hucusque
2855 3410 3067 3474 studi-

1200 3529 1319 3573 ose
1353 3510 1651 3587 servisti,
1682 3509 1793 3574 hic
1839 3511 2188 3575 nobiseum
2233 3512 2380 3575 sine
2424 3513 2559 3575 fine
2603 3510 2933 3587 manebis,
2977 3519 3066 3586 et,

1197 3609 1258 3671 si
1302 3609 1482 3673 hunc
1524 3616 1809 3691 puteum
1850 3610 2199 3692 ingressus
2242 3611 2474 3689 sueriS,
2512 3614 2586 3675 in
2631 3611 2869 3676 anima
2894 3610 3071 3693 pari-

1198 3716 1304 3772 ter
1335 3716 1408 3772 et
1433 3727 1716 3791 corpore
1750 3710 2027 3792 peribiS,
2065 3710 2183 3775 sed
2225 3719 2480 3789 tamen,
2521 3712 2582 3775 si
2614 3710 2840 3774 adhuc
2878 3709 3071 3773 nobis

1197 3808 1577 3872 consentire
1620 3808 1920 3873 volueris
1964 3818 2037 3874 et
2074 3812 2442 3877 revertaris
2486 3812 2575 3875 ad
2617 3818 2891 3893 portam
2939 3828 3075 3892 qua

1195 3908 1492 3984 intrasti,
1541 3906 1800 3971 illaesus
1843 3909 2092 3974 redibis
2117 3908 2158 3991 3’
2201 3912 2317 3975 ille
2361 3919 2593 3976 autem
2635 3910 2721 3974 de
2773 3910 2909 3975 Dei
2954 3908 3073 3973 ad-

1188 4006 1450 4090 jutorio
1491 4006 1813 4086 confisus»,
1859 4010 1979 4092 qui
2022 4030 2176 4073 eum
2228 4012 2433 4076 toties
2475 4012 2909 4086 liberaverat,
2958 4028 3072 4073 eo·

1198 4126 1347 4170 rum
1389 4107 1905 4173 exhortationes
1956 4112 2383 4194 contempsit.
2484 4110 2682 4175 Tunc
2727 4110 3074 4173 daemonoe

1195 4207 1536 4289 indignati
1604 4227 1756 4272 sese
1815 4209 2248 4293 projecerunt
2316 4212 2388 4274 in
2456 4212 2683 4293 ignem
2751 4210 2945 4292 putei
3005 4218 3075 4271 et

1198 4325 1429 4370 secum
1494 4308 1777 4373 militem
1832 4309 2274 4384 intruserunt,
2332 4318 2403 4374 et
2451 4330 2588 4393 quo
2632 4309 2842 4372 miles,
2871 4310 2945 4371 in
2992 4327 3074 4371 eo

1196 4406 1602 4488 profundius
1662 4408 2030 4485 descendit,
2090 4428 2173 4473 eo
2219 4410 2531 4473 latiorem
2576 4417 2862 4492 putenm
2912 4427 3072 4471 con-

1196 4508 1429 4588 spexit
1490 4515 1558 4572 et
1609 4526 1886 4590 poenam
1935 4508 2005 4571 in
2064 4509 2187 4572 illo
2243 4510 2629 4591 graviorem
2685 4508 2940 4586 sensit;
3007 4508 3074 4568 in

1193 4613 1402 4687 puteo
1435 4626 1706 4691 quoque
1736 4607 1855 4671 illo
1885 4608 2078 4673 miles
2116 4616 2379 4673 tantam
2423 4610 2816 4692 angustiam
2861 4607 3076 4671 sensit

865 1338 896 1417 m
