3457 5887
1182 838 1310 904 172
1687 852 1952 901 nocssm
2001 853 2095 899 nu
2140 851 2547 900 wssNnovssn

1186 1083 1362 1164 Quod
1387 1083 1734 1161 Amelmus,
1771 1082 2237 1148 cantuariensis
2271 1081 2782 1167 archiepiscopus,
2800 1082 3061 1147 Roman

1397 1184 1713 1269 profectum
1739 1181 1980 1248 abbata
2005 1182 2370 1268 deyradatos
2392 1203 2588 1246 secum
2619 1183 2822 1246 demit.

864 1333 969 1372 ω).
994 1333 1106 1371 110³.
1279 1305 1485 1371 Anno
1537 1307 1817 1373 Domini
1863 1324 2074 1371 nom.
2119 1305 2514 1381 Anselmus‚
2546 1305 3062 1370 Cantuariensis

863 1380 1073 1471 2¹:33³
1181 1407 1758 1490 archiepiscopus,
1806 1414 1964 1489 post
2014 1406 2268 1471 multas
2317 1405 2789 1470 tribulationes
2842 1413 2914 1470 et
2959 1407 3061 1469 in·

865 1482 1011 1521 ⁸⁰¹⁰*
1172 1506 1420 1590 jurias,
1478 1526 1650 1588 quas
1697 1525 1742 1570 a
1791 1526 1952 1588 rege
2012 1524 2376 1589 perpessus
2433 1505 2681 1581 fuerat,
2730 1498 3058 1569 ¹Romam

1183 1607 1508 1689 perrexit,
1536 1607 1717 1670 sicut
1743 1606 1924 1670 inter
1963 1606 2188 1689 ipsum
2232 1612 2303 1668 et
2345 1624 2574 1687 regem
2623 1613 3060 1681 convenerat,

1181 1706 1437 1769 ducens
1464 1724 1693 1769 secum
1722 1704 2134 1787 degradatos
2178 1704 2461 1768 abbates
2502 1711 2572 1768 et
2606 1703 3058 1782 Willelmum,

1182 1804 1731 1869 wintoniensem
1767 1805 2100 1884 electum3
2155 1823 2293 1887 quo
2323 1803 2614 1868 Romam
2645 1805 2989 1880 veniente,
3021 1824 3061 1868 a

1183 1923 1366 1988 papa
1398 1903 1720 1968 Paschali
1751 1911 2111 1987 susceptus
2142 1910 2248 1967 est
2277 1911 2682 1967 reverenter.
2767 1903 3056 1981 Dehinc,

1183 2005 1294 2068 die
1347 2023 1474 2086 pro
1524 2001 1733 2086 regiis
1784 2004 2162 2067 constituto
2206 2003 2524 2085 negotiiS‚
2555 2002 2944 2067 Willelmus
2974 2004 3056 2066 de

1182 2096 1606 2180 Wareuast,²
1624 2102 1913 2167 clericus
1940 2111 2010 2166 et
2036 2109 2436 2186 procurator
2456 2101 2637 2184 regis
2661 2100 3055 2185 Anglorum,

1185 2222 1465 2267 causam
1496 2203 1713 2286 ipsius
1742 2203 1814 2265 in
1845 2202 2141 2266 medium
2176 2201 2357 2279 tulit,
2389 2221 2471 2266 ac
2513 2203 2696 2266 inter
2729 2202 2873 2266 alia
2902 2221 3055 2266 con-

1186 2310 1449 2367 stanter
1474 2302 1828 2384 allegavit,
1859 2302 2042 2385 quod
2091 2321 2217 2365 nec
2258 2302 2404 2384 ipse
2448 2321 2573 2384 pro
2615 2304 2813 2384 regni
2859 2302 3056 2366 amis-

1187 2403 1377 2466 sione
1420 2402 1864 2466 investituras
1909 2400 2348 2465 ecclesiarum
2392 2402 2707 2465 amittere
2757 2401 2949 2480 velit,
2991 2409 3057 2464 et

1188 2501 1317 2566 hoc
1350 2502 1575 2566 verbis
1607 2500 1988 2565 minacibus
2019 2500 2421 2565 adfirmavit.
2512 2499 2624 2565 Ad
2658 2501 2804 2565 haec
2835 2520 3059 2584 papa3

1189 2607 1209 2635 ‘
1239 2601 1337 2680 Si,
1374 2601 1946 2684 quemadmodum
1971 2600 2166 2677 dicis,
2194 2620 2314 2664 rex
2352 2607 2513 2664 tuus
2544 2620 2666 2665 nec
2696 2620 2818 2683 pro
2858 2602 3057 2683 regni

1189 2702 1554 2765 amissione
1587 2701 1994 2764 donationes
2044 2698 2482 2764 ecclesiarum
2526 2701 2828 2764 amittere
2860 2709 3062 2784 pate-

1190 2807 1400 2878 retur,
1450 2801 1629 2864 scias
1682 2801 1992 2883 praecise,
2041 2818 2270 2864 coram
2315 2799 2467 2864 Deo
2509 2801 2686 2878 dico,
2731 2801 2896 2881 quia
2937 2820 3063 2864 nec

1190 2920 1315 2983 pro
1342 2901 1475 2965 mei
1506 2901 1753 2984 capitis
1787 2898 2251 2982 redemptione
2294 2918 2412 2964 eas
2446 2899 2546 2964 illi
2588 2900 2869 2983 impune
2913 2920 3058 2983 per·

1190 3001 1529 3065 mitterem
1570 3000 1925 3065 obtinere.’
2016 2999 2102 3063 In
2162 3000 2270 3063 his
2331 3020 2495 3082 ergo
2553 3001 2738 3082 regis
2791 3002 3059 3082 negotio

1192 3100 1582 3178 terminate,
1603 3099 1972 3164 Anselmus
1999 3099 2546 3185 archiepiscopus
2571 3120 2697 3183 pro
2727 3102 3057 3183 episcopis

1191 3206 1263 3263 et
1305 3201 1665 3264 abbatibus
1710 3198 2103 3282 degradatis
2150 3199 2367 3262 multa
2410 3219 2686 3282 precum
2735 3200 3060 3264 instantia

1190 3299 1537 3364 dominum
1581 3318 1832 3383 papam
1867 3317 2110 3381 rogare
2155 3300 2389 3381 coepit,
2433 3307 2511 3363 ut
2554 3319 2708 3363 cum
2754 3299 2894 3363 illis
2941 3300 3054 3363 mi-

1192 3398 1625 3463 sericorditer
1666 3399 2114 3481 dispensaret,
2171 3405 2250 3462 ut
2303 3407 2586 3480 possent
2625 3399 2918 3463 amissas
2959 3419 3061 3462 re-

1191 3498 1413 3580 cipere
1465 3498 1865 3579 dignitates.
1994 3497 2193 3562 Tunc
2255 3497 2450 3562 sedes
2513 3498 3060 3574 clementissima,

1193 3616 1347 3678 quae
1393 3596 1559 3660 nulli
1607 3597 1845 3661 deesse
1893 3598 2276 3675 consuevit,
2324 3598 2693 3662 dummodo
2745 3598 2886 3662 albi
2945 3598 3065 3661 ali-

1191 3694 1355 3778 quid
1389 3696 1498 3760 vel
1552 3696 1744 3760 rubei
1785 3696 2188 3775 intercedat,
2232 3698 2668 3780 praescriptos
2711 3697 3068 3780 pontifices

1192 3801 1261 3858 et
1292 3795 1575 3859 abbates
1621 3795 1708 3858 ad
1753 3795 2081 3877 pristinas
2128 3797 2499 3879 dignitates
2542 3797 3070 3861 misericorditer

1193 3896 1541 3960 revocavit
1584 3901 1656 3958 et
1696 3914 1852 3959 cum
1913 3896 2166 3978 gaudio
2212 3897 2299 3960 ad
2349 3898 2661 3980 proprias
2716 3897 2912 3961 sedes
2964 3917 3070 3960 re-

1190 3994 1398 4058 misit.
1491 3994 1748 4058 Eodem
1800 4014 1981 4059 anno
2030 3995 2402 4073 Robertus,
2436 3997 2582 4060 dux
2632 3996 3070 4060 Normanno-

1191 4114 1364 4169 rum,
1425 4113 1636 4158 causa
1699 4094 1933 4159 fratris
1995 4095 2102 4158 sui
2173 4103 2244 4160 ct
2307 4096 2487 4178 regis
2549 4097 2876 4172 versutia,
2935 4097 3072 4159 tria

1190 4193 1404 4257 millia
1431 4212 1698 4258 marcas
1728 4195 2023 4275 argenti,
2057 4215 2233 4277 quas
2266 4216 2387 4259 rex
2419 4195 2522 4259 illi
2548 4195 2837 4277 singulis
2871 4196 3072 4258 annis

1190 4292 1600 4371 reddiderat,
1635 4294 2074 4358 condonavit.

1187 4591 1233 4638 Λ
1260 4517 1489 4639 ’ζῗοηιὲῗι
1500 4520 1765 4585 perrexit-J
1789 4522 1871 4572 On
1883 4521 1966 4571 the
1982 4520 2100 4571 2⁷11:
2226 4519 2247 4549 ²
2265 4522 2567 4586 war-ettam]
2599 4522 2615 4550 ‘
2637 4518 2948 4584 Warewug’
2970 4523 3036 4571 C.

1238 4605 1314 4652 pri
1355 4606 1370 4650 ς
1462 4605 1534 4640 or.
