<?xml version="1.0" encoding="UTF-8"?>
<!DOCTYPE html PUBLIC "-//W3C//DTD XHTML 1.0 Transitional//EN"
    "http://www.w3.org/TR/xhtml1/DTD/xhtml1-transitional.dtd">
<html xmlns="http://www.w3.org/1999/xhtml" xml:lang="en" lang="en">
 <head>
  <title>
</title>
<meta http-equiv="Content-Type" content="text/html;charset=utf-8" />
  <meta name='ocr-system' content='tesseract 3.04.00' />
  <meta name='ocr-capabilities' content='ocr_page ocr_carea ocr_par ocr_line ocrx_word'/>
</head>
<body>
  <div class='ocr_page' id='page_1' title='image "./rogeridewendove00wendgoog_0018.png"; bbox 0 0 3457 5887; ppageno 0'>
   <div class='ocr_carea' id='block_1_1' title="bbox 1119 851 2470 919">
    <p class='ocr_par' dir='ltr' id='par_1_1' title="bbox 1119 851 2470 919">
     <span class='ocr_line' id='line_1_1' title="bbox 1119 851 2470 919; baseline 0.001 -4"><span class='ocrx_word' id='word_1_1' title='bbox 1119 851 1204 915; x_wconf 92' lang='grc'><strong>10</strong></span> <span class='ocrx_word' id='word_1_2' title='bbox 1622 870 1880 918; x_wconf 71' lang='lat' dir='ltr'><strong>uocum</strong></span> <span class='ocrx_word' id='word_1_3' title='bbox 1927 869 2020 917; x_wconf 75' lang='lat' dir='ltr'><strong>nn</strong></span> <span class='ocrx_word' id='word_1_4' title='bbox 2064 869 2470 919; x_wconf 75' lang='lat' dir='ltr'><strong>wmmovnn</strong></span> 
     </span>
    </p>
   </div>
   <div class='ocr_carea' id='block_1_2' title="bbox 1173 1098 2945 1184">
    <p class='ocr_par' dir='ltr' id='par_1_2' title="bbox 1173 1098 2945 1184">
     <span class='ocr_line' id='line_1_2' title="bbox 1173 1098 2945 1184; baseline -0.002 -19"><span class='ocrx_word' id='word_1_5' title='bbox 1173 1101 1270 1165; x_wconf 80' lang='lat' dir='ltr'><strong>Do</strong></span> <span class='ocrx_word' id='word_1_6' title='bbox 1295 1098 1521 1165; x_wconf 74' lang='lat' dir='ltr'><strong>duobus</strong></span> <span class='ocrx_word' id='word_1_7' title='bbox 1545 1100 1784 1164; x_wconf 56' lang='lat' dir='ltr'><strong>clericis</strong></span> <span class='ocrx_word' id='word_1_8' title='bbox 1810 1099 2236 1184; x_wconf 73' lang='lat' dir='ltr'><strong>oonfoederatis</strong></span> <span class='ocrx_word' id='word_1_9' title='bbox 2260 1098 2548 1163; x_wconf 63' lang='lat' dir='ltr'><strong>sanatio</strong></span> <span class='ocrx_word' id='word_1_10' title='bbox 2573 1098 2945 1184; x_wconf 69' lang='lat' dir='ltr'><strong>ianportum.</strong></span> 
     </span>
    </p>
   </div>
   <div class='ocr_carea' id='block_1_3' title="bbox 806 1216 3000 4386">
    <p class='ocr_par' dir='ltr' id='par_1_3' title="bbox 806 1216 3000 4386">
     <span class='ocr_line' id='line_1_3' title="bbox 806 1216 2987 1339; baseline 0.004 -62"><span class='ocrx_word' id='word_1_11' title='bbox 806 1238 1049 1339; x_wconf 39' lang='lat' dir='ltr'><strong>&amp;uffa</strong></span> <span class='ocrx_word' id='word_1_12' title='bbox 1223 1224 1424 1289; x_wconf 89' lang='lat' dir='ltr'><strong>Circa</strong></span> <span class='ocrx_word' id='word_1_13' title='bbox 1496 1225 1765 1290; x_wconf 88' lang='lat' dir='ltr'><strong>eosdem</strong></span> <span class='ocrx_word' id='word_1_14' title='bbox 1821 1242 2093 1307; x_wconf 86' lang='lat' dir='ltr'><strong>quoque</strong></span> <span class='ocrx_word' id='word_1_15' title='bbox 2136 1223 2282 1286; x_wconf 92' lang='lat' dir='ltr'><strong>dies</strong></span> <span class='ocrx_word' id='word_1_16' title='bbox 2328 1216 2431 1286; x_wconf 90' lang='lat' dir='ltr'><strong>¹in</strong></span> <span class='ocrx_word' id='word_1_17' title='bbox 2494 1223 2775 1286; x_wconf 84' lang='lat' dir='ltr'><strong>civitate</strong></span> <span class='ocrx_word' id='word_1_18' title='bbox 2833 1224 2987 1287; x_wconf 93' lang='lat' dir='ltr'><strong>Bri-</strong></span> 
     </span>
     <span class='ocr_line' id='line_1_4' title="bbox 975 1316 2987 1404; baseline -0.002 -15"><span class='ocrx_word' id='word_1_19' title='bbox 975 1316 987 1327; x_wconf 81' lang='grc'><strong><em>’</em></strong></span> <span class='ocrx_word' id='word_1_20' title='bbox 1123 1326 1380 1390; x_wconf 84' lang='lat' dir='ltr'><strong>tanniae</strong></span> <span class='ocrx_word' id='word_1_21' title='bbox 1431 1324 1771 1388; x_wconf 89' lang='lat' dir='ltr'><strong>Naunetis</strong></span> <span class='ocrx_word' id='word_1_22' title='bbox 1821 1323 2091 1388; x_wconf 90' lang='lat' dir='ltr'><strong>nomine</strong></span> <span class='ocrx_word' id='word_1_23' title='bbox 2144 1322 2280 1387; x_wconf 93' lang='lat' dir='ltr'><strong>duo</strong></span> <span class='ocrx_word' id='word_1_24' title='bbox 2339 1321 2567 1386; x_wconf 87' lang='lat' dir='ltr'><strong>clerici</strong></span> <span class='ocrx_word' id='word_1_25' title='bbox 2626 1323 2987 1404; x_wconf 81' lang='lat' dir='ltr'><strong>degebant,</strong></span> 
     </span>
     <span class='ocr_line' id='line_1_5' title="bbox 1124 1420 2988 1507; baseline -0.002 -19"><span class='ocrx_word' id='word_1_26' title='bbox 1124 1425 1242 1506; x_wconf 91' lang='lat' dir='ltr'><strong>qui</strong></span> <span class='ocrx_word' id='word_1_27' title='bbox 1270 1424 1357 1487; x_wconf 90' lang='lat' dir='ltr'><strong>ab</strong></span> <span class='ocrx_word' id='word_1_28' title='bbox 1389 1425 1555 1507; x_wconf 89' lang='lat' dir='ltr'><strong>ipsis</strong></span> <span class='ocrx_word' id='word_1_29' title='bbox 1602 1424 1912 1507; x_wconf 81' lang='lat' dir='ltr'><strong>pueritiae</strong></span> <span class='ocrx_word' id='word_1_30' title='bbox 1942 1422 2339 1487; x_wconf 82' lang='lat' dir='ltr'><strong>rudimentis</strong></span> <span class='ocrx_word' id='word_1_31' title='bbox 2373 1420 2543 1485; x_wconf 90' lang='lat' dir='ltr'><strong>adeo</strong></span> <span class='ocrx_word' id='word_1_32' title='bbox 2589 1429 2785 1485; x_wconf 87' lang='lat' dir='ltr'><strong>erant</strong></span> <span class='ocrx_word' id='word_1_33' title='bbox 2819 1422 2988 1484; x_wconf 89' lang='lat' dir='ltr'><strong>ami-</strong></span> 
     </span>
     <span class='ocr_line' id='line_1_6' title="bbox 1124 1516 2986 1598; baseline -0.002 -12"><span class='ocrx_word' id='word_1_34' title='bbox 1124 1524 1303 1588; x_wconf 83' lang='lat' dir='ltr'><strong>citiae</strong></span> <span class='ocrx_word' id='word_1_35' title='bbox 1354 1516 1721 1588; x_wconf 80' lang='lat' dir='ltr'><strong>foederibus</strong></span> <span class='ocrx_word' id='word_1_36' title='bbox 1766 1522 2141 1598; x_wconf 84' lang='lat' dir='ltr'><strong>constricti,</strong></span> <span class='ocrx_word' id='word_1_37' title='bbox 2197 1528 2298 1598; x_wconf 91' lang='lat' dir='ltr'><strong>ut,</strong></span> <span class='ocrx_word' id='word_1_38' title='bbox 2349 1520 2408 1585; x_wconf 89' lang='lat' dir='ltr'><strong>si</strong></span> <span class='ocrx_word' id='word_1_39' title='bbox 2455 1520 2827 1584; x_wconf 77' lang='lat' dir='ltr'><strong>necessitas</strong></span> <span class='ocrx_word' id='word_1_40' title='bbox 2883 1522 2986 1583; x_wconf 88' lang='lat' dir='ltr'><strong>in-</strong></span> 
     </span>
     <span class='ocr_line' id='line_1_7' title="bbox 1125 1620 2988 1706; baseline -0.002 -20"><span class='ocrx_word' id='word_1_41' title='bbox 1125 1630 1421 1706; x_wconf 83' lang='lat' dir='ltr'><strong>grueret,</strong></span> <span class='ocrx_word' id='word_1_42' title='bbox 1452 1623 1657 1686; x_wconf 88' lang='lat' dir='ltr'><strong>etiam</strong></span> <span class='ocrx_word' id='word_1_43' title='bbox 1687 1622 1924 1687; x_wconf 89' lang='lat' dir='ltr'><strong>mortis</strong></span> <span class='ocrx_word' id='word_1_44' title='bbox 1957 1621 2333 1704; x_wconf 89' lang='lat' dir='ltr'><strong>periculum</strong></span> <span class='ocrx_word' id='word_1_45' title='bbox 2362 1640 2487 1703; x_wconf 88' lang='lat' dir='ltr'><strong>pro</strong></span> <span class='ocrx_word' id='word_1_46' title='bbox 2516 1620 2808 1684; x_wconf 88' lang='lat' dir='ltr'><strong>invicem</strong></span> <span class='ocrx_word' id='word_1_47' title='bbox 2838 1638 2988 1683; x_wconf 86' lang='lat' dir='ltr'><strong>sus·</strong></span> 
     </span>
     <span class='ocr_line' id='line_1_8' title="bbox 1124 1718 2985 1802; baseline -0.002 -16"><span class='ocrx_word' id='word_1_48' title='bbox 1124 1724 1440 1787; x_wconf 86' lang='lat' dir='ltr'><strong>tinerent.</strong></span> <span class='ocrx_word' id='word_1_49' title='bbox 1544 1722 1746 1786; x_wconf 88' lang='lat' dir='ltr'><strong>Unde</strong></span> <span class='ocrx_word' id='word_1_50' title='bbox 1775 1721 1882 1785; x_wconf 88' lang='lat' dir='ltr'><strong>die</strong></span> <span class='ocrx_word' id='word_1_51' title='bbox 1910 1720 2204 1802; x_wconf 90' lang='lat' dir='ltr'><strong>quadam</strong></span> <span class='ocrx_word' id='word_1_52' title='bbox 2248 1720 2318 1783; x_wconf 91' lang='lat' dir='ltr'><strong>in</strong></span> <span class='ocrx_word' id='word_1_53' title='bbox 2360 1718 2490 1783; x_wconf 90' lang='lat' dir='ltr'><strong>hoc</strong></span> <span class='ocrx_word' id='word_1_54' title='bbox 2526 1720 2784 1802; x_wconf 86' lang='lat' dir='ltr'><strong>pariter</strong></span> <span class='ocrx_word' id='word_1_55' title='bbox 2826 1738 2985 1782; x_wconf 92' lang='lat' dir='ltr'><strong>con-</strong></span> 
     </span>
     <span class='ocr_line' id='line_1_9' title="bbox 1125 1818 2984 1904; baseline -0.001 -19"><span class='ocrx_word' id='word_1_56' title='bbox 1125 1829 1506 1899; x_wconf 89' lang='lat' dir='ltr'><strong>senserunt,</strong></span> <span class='ocrx_word' id='word_1_57' title='bbox 1552 1829 1628 1885; x_wconf 91' lang='lat' dir='ltr'><strong>ut</strong></span> <span class='ocrx_word' id='word_1_58' title='bbox 1656 1820 1966 1904; x_wconf 91' lang='lat' dir='ltr'><strong>quisquis</strong></span> <span class='ocrx_word' id='word_1_59' title='bbox 2008 1819 2278 1883; x_wconf 88' lang='lat' dir='ltr'><strong>illorum</strong></span> <span class='ocrx_word' id='word_1_60' title='bbox 2318 1818 2510 1901; x_wconf 87' lang='lat' dir='ltr'><strong>prius</strong></span> <span class='ocrx_word' id='word_1_61' title='bbox 2558 1819 2778 1883; x_wconf 82' lang='lat' dir='ltr'><strong>obiret</strong></span> <span class='ocrx_word' id='word_1_62' title='bbox 2802 1819 2984 1896; x_wconf 86' lang='lat' dir='ltr'><strong>vivo,</strong></span> 
     </span>
     <span class='ocr_line' id='line_1_10' title="bbox 1127 1918 2989 2002; baseline -0.001 -18"><span class='ocrx_word' id='word_1_63' title='bbox 1127 1921 1485 1985; x_wconf 86' lang='lat' dir='ltr'><strong>dormienti</strong></span> <span class='ocrx_word' id='word_1_64' title='bbox 1511 1920 1621 1986; x_wconf 88' lang='lat' dir='ltr'><strong>vel</strong></span> <span class='ocrx_word' id='word_1_65' title='bbox 1647 1919 1985 2002; x_wconf 81' lang='lat' dir='ltr'><strong>vigilanti,</strong></span> <span class='ocrx_word' id='word_1_66' title='bbox 2010 1918 2188 1982; x_wconf 83' lang='lat' dir='ltr'><strong>infra</strong></span> <span class='ocrx_word' id='word_1_67' title='bbox 2219 1918 2363 1982; x_wconf 89' lang='lat' dir='ltr'><strong>dies</strong></span> <span class='ocrx_word' id='word_1_68' title='bbox 2391 1918 2678 1999; x_wconf 85' lang='lat' dir='ltr'><strong>triginta</strong></span> <span class='ocrx_word' id='word_1_69' title='bbox 2704 1937 2989 2001; x_wconf 87' lang='lat' dir='ltr'><strong>appare—</strong></span> 
     </span>
     <span class='ocr_line' id='line_1_11' title="bbox 1126 2016 2988 2100; baseline -0.001 -18"><span class='ocrx_word' id='word_1_70' title='bbox 1126 2028 1255 2098; x_wconf 86' lang='lat' dir='ltr'><strong>ret,</strong></span> <span class='ocrx_word' id='word_1_71' title='bbox 1289 2021 1545 2084; x_wconf 90' lang='lat' dir='ltr'><strong>socium</strong></span> <span class='ocrx_word' id='word_1_72' title='bbox 1595 2019 2112 2096; x_wconf 86' lang='lat' dir='ltr'><strong>certificaturus‚</strong></span> <span class='ocrx_word' id='word_1_73' title='bbox 2159 2018 2381 2100; x_wconf 91' lang='lat' dir='ltr'><strong>qualis</strong></span> <span class='ocrx_word' id='word_1_74' title='bbox 2410 2017 2501 2081; x_wconf 92' lang='lat' dir='ltr'><strong>sit</strong></span> <span class='ocrx_word' id='word_1_75' title='bbox 2527 2017 2739 2081; x_wconf 87' lang='lat' dir='ltr'><strong>futuri</strong></span> <span class='ocrx_word' id='word_1_76' title='bbox 2776 2016 2988 2081; x_wconf 84' lang='lat' dir='ltr'><strong>seculi</strong></span> 
     </span>
     <span class='ocr_line' id='line_1_12' title="bbox 1128 2118 2986 2202; baseline -0.003 -18"><span class='ocrx_word' id='word_1_77' title='bbox 1128 2126 1376 2197; x_wconf 88' lang='lat' dir='ltr'><strong>status,</strong></span> <span class='ocrx_word' id='word_1_78' title='bbox 1430 2140 1586 2202; x_wconf 81' lang='lat' dir='ltr'><strong>quae</strong></span> <span class='ocrx_word' id='word_1_79' title='bbox 1653 2120 2031 2184; x_wconf 90' lang='lat' dir='ltr'><strong>animarum</strong></span> <span class='ocrx_word' id='word_1_80' title='bbox 2088 2118 2173 2181; x_wconf 89' lang='lat' dir='ltr'><strong>de</strong></span> <span class='ocrx_word' id='word_1_81' title='bbox 2232 2136 2514 2199; x_wconf 88' lang='lat' dir='ltr'><strong>corpore</strong></span> <span class='ocrx_word' id='word_1_82' title='bbox 2563 2136 2986 2198; x_wconf 77' lang='lat' dir='ltr'><strong>egressamm</strong></span> 
     </span>
     <span class='ocr_line' id='line_1_13' title="bbox 1129 2215 2988 2298; baseline -0.001 -17"><span class='ocrx_word' id='word_1_83' title='bbox 1129 2218 1304 2283; x_wconf 88' lang='lat' dir='ltr'><strong>foret</strong></span> <span class='ocrx_word' id='word_1_84' title='bbox 1332 2219 1652 2295; x_wconf 88' lang='lat' dir='ltr'><strong>conditio,</strong></span> <span class='ocrx_word' id='word_1_85' title='bbox 1687 2225 1766 2282; x_wconf 90' lang='lat' dir='ltr'><strong>ut</strong></span> <span class='ocrx_word' id='word_1_86' title='bbox 1794 2217 1950 2281; x_wconf 89' lang='lat' dir='ltr'><strong>inde</strong></span> <span class='ocrx_word' id='word_1_87' title='bbox 1987 2215 2396 2281; x_wconf 87' lang='lat' dir='ltr'><strong>sufficienter</strong></span> <span class='ocrx_word' id='word_1_88' title='bbox 2436 2217 2811 2280; x_wconf 88' lang='lat' dir='ltr'><strong>instructus</strong></span> <span class='ocrx_word' id='word_1_89' title='bbox 2865 2236 2988 2298; x_wconf 84' lang='lat' dir='ltr'><strong>ag-</strong></span> 
     </span>
     <span class='ocr_line' id='line_1_14' title="bbox 1131 2315 2989 2402; baseline -0.002 -20"><span class='ocrx_word' id='word_1_90' title='bbox 1131 2326 1464 2396; x_wconf 89' lang='lat' dir='ltr'><strong>nosceret,</strong></span> <span class='ocrx_word' id='word_1_91' title='bbox 1494 2338 1646 2402; x_wconf 84' lang='lat' dir='ltr'><strong>quae</strong></span> <span class='ocrx_word' id='word_1_92' title='bbox 1696 2338 1783 2382; x_wconf 84' lang='lat' dir='ltr'><strong>ex</strong></span> <span class='ocrx_word' id='word_1_93' title='bbox 1818 2316 2102 2382; x_wconf 88' lang='lat' dir='ltr'><strong>diversis</strong></span> <span class='ocrx_word' id='word_1_94' title='bbox 2151 2316 2236 2379; x_wconf 90' lang='lat' dir='ltr'><strong>de</strong></span> <span class='ocrx_word' id='word_1_95' title='bbox 2278 2318 2504 2380; x_wconf 87' lang='lat' dir='ltr'><strong>anima</strong></span> <span class='ocrx_word' id='word_1_96' title='bbox 2549 2315 2989 2398; x_wconf 88' lang='lat' dir='ltr'><strong>philosopho-</strong></span> 
     </span>
     <span class='ocr_line' id='line_1_15' title="bbox 1129 2414 2988 2501; baseline -0.001 -20"><span class='ocrx_word' id='word_1_97' title='bbox 1129 2437 1279 2481; x_wconf 91' lang='lat' dir='ltr'><strong>rum</strong></span> <span class='ocrx_word' id='word_1_98' title='bbox 1311 2418 1740 2501; x_wconf 87' lang='lat' dir='ltr'><strong>opinionibus</strong></span> <span class='ocrx_word' id='word_1_99' title='bbox 1787 2424 1972 2489; x_wconf 75' lang='lat' dir='ltr'><strong>esset</strong></span> <span class='ocrx_word' id='word_1_100' title='bbox 2011 2416 2360 2479; x_wconf 87' lang='lat' dir='ltr'><strong>imitanda.</strong></span> <span class='ocrx_word' id='word_1_101' title='bbox 2462 2414 2775 2479; x_wconf 84' lang='lat' dir='ltr'><strong>Tradunt</strong></span> <span class='ocrx_word' id='word_1_102' title='bbox 2809 2416 2988 2479; x_wconf 86' lang='lat' dir='ltr'><strong>enim</strong></span> 
     </span>
     <span class='ocr_line' id='line_1_16' title="bbox 1132 2515 2992 2600; baseline -0.001 -20"><span class='ocrx_word' id='word_1_103' title='bbox 1132 2516 1497 2594; x_wconf 85' lang='lat' dir='ltr'><strong>Platonici,</strong></span> <span class='ocrx_word' id='word_1_104' title='bbox 1540 2518 1723 2600; x_wconf 93' lang='lat' dir='ltr'><strong>quod</strong></span> <span class='ocrx_word' id='word_1_105' title='bbox 1767 2535 1948 2580; x_wconf 91' lang='lat' dir='ltr'><strong>mors</strong></span> <span class='ocrx_word' id='word_1_106' title='bbox 1991 2515 2294 2597; x_wconf 88' lang='lat' dir='ltr'><strong>corporis</strong></span> <span class='ocrx_word' id='word_1_107' title='bbox 2339 2515 2635 2578; x_wconf 85' lang='lat' dir='ltr'><strong>animam</strong></span> <span class='ocrx_word' id='word_1_108' title='bbox 2691 2534 2827 2578; x_wconf 89' lang='lat' dir='ltr'><strong>non</strong></span> <span class='ocrx_word' id='word_1_109' title='bbox 2871 2534 2992 2578; x_wconf 81' lang='lat' dir='ltr'><strong>ex-</strong></span> 
     </span>
     <span class='ocr_line' id='line_1_17' title="bbox 1132 2614 2990 2698; baseline -0.001 -19"><span class='ocrx_word' id='word_1_110' title='bbox 1132 2618 1463 2698; x_wconf 80' lang='lat' dir='ltr'><strong>stinguat,</strong></span> <span class='ocrx_word' id='word_1_111' title='bbox 1514 2616 1633 2680; x_wconf 89' lang='lat' dir='ltr'><strong>sed</strong></span> <span class='ocrx_word' id='word_1_112' title='bbox 1687 2634 1837 2679; x_wconf 90' lang='lat' dir='ltr'><strong>eam</strong></span> <span class='ocrx_word' id='word_1_113' title='bbox 1901 2614 1988 2677; x_wconf 90' lang='lat' dir='ltr'><strong>ad</strong></span> <span class='ocrx_word' id='word_1_114' title='bbox 2039 2614 2262 2678; x_wconf 89' lang='lat' dir='ltr'><strong>Deum</strong></span> <span class='ocrx_word' id='word_1_115' title='bbox 2311 2615 2715 2697; x_wconf 91' lang='lat' dir='ltr'><strong>principium</strong></span> <span class='ocrx_word' id='word_1_116' title='bbox 2769 2634 2990 2691; x_wconf 91' lang='lat' dir='ltr'><strong>suum,</strong></span> 
     </span>
     <span class='ocr_line' id='line_1_18' title="bbox 1131 2714 2996 2798; baseline 0 -20"><span class='ocrx_word' id='word_1_117' title='bbox 1131 2723 1460 2798; x_wconf 85' lang='lat' dir='ltr'><strong>tanquam</strong></span> <span class='ocrx_word' id='word_1_118' title='bbox 1506 2735 1544 2778; x_wconf 89' lang='lat' dir='ltr'><strong>e</strong></span> <span class='ocrx_word' id='word_1_119' title='bbox 1582 2733 1876 2790; x_wconf 85' lang='lat' dir='ltr'><strong>carcere,</strong></span> <span class='ocrx_word' id='word_1_120' title='bbox 1922 2714 2266 2792; x_wconf 83' lang='lat' dir='ltr'><strong>remittat3</strong></span> <span class='ocrx_word' id='word_1_121' title='bbox 2313 2720 2632 2778; x_wconf 89' lang='lat' dir='ltr'><strong>astruunt</strong></span> <span class='ocrx_word' id='word_1_122' title='bbox 2674 2734 2712 2777; x_wconf 90' lang='lat' dir='ltr'><strong>e</strong></span> <span class='ocrx_word' id='word_1_123' title='bbox 2757 2722 2996 2778; x_wconf 86' lang='lat' dir='ltr'><strong>contra</strong></span> 
     </span>
     <span class='ocr_line' id='line_1_19' title="bbox 1134 2812 2990 2896; baseline -0.001 -19"><span class='ocrx_word' id='word_1_124' title='bbox 1134 2813 1499 2896; x_wconf 83' lang='lat' dir='ltr'><strong>Epicuraei,</strong></span> <span class='ocrx_word' id='word_1_125' title='bbox 1528 2815 1821 2877; x_wconf 90' lang='lat' dir='ltr'><strong>animam</strong></span> <span class='ocrx_word' id='word_1_126' title='bbox 1870 2813 1953 2877; x_wconf 87' lang='lat' dir='ltr'><strong>de</strong></span> <span class='ocrx_word' id='word_1_127' title='bbox 1995 2832 2276 2895; x_wconf 88' lang='lat' dir='ltr'><strong>corpore</strong></span> <span class='ocrx_word' id='word_1_128' title='bbox 2318 2812 2614 2877; x_wconf 87' lang='lat' dir='ltr'><strong>solutam</strong></span> <span class='ocrx_word' id='word_1_129' title='bbox 2656 2813 2727 2876; x_wconf 90' lang='lat' dir='ltr'><strong>in</strong></span> <span class='ocrx_word' id='word_1_130' title='bbox 2772 2832 2990 2878; x_wconf 87' lang='lat' dir='ltr'><strong>aerem</strong></span> 
     </span>
     <span class='ocr_line' id='line_1_20' title="bbox 1133 2911 2996 2993; baseline 0.001 -16"><span class='ocrx_word' id='word_1_131' title='bbox 1133 2932 1535 2980; x_wconf 87' lang='lat' dir='ltr'><strong>evanescere</strong></span> <span class='ocrx_word' id='word_1_132' title='bbox 1579 2921 1648 2979; x_wconf 89' lang='lat' dir='ltr'><strong>et</strong></span> <span class='ocrx_word' id='word_1_133' title='bbox 1690 2915 1763 2978; x_wconf 91' lang='lat' dir='ltr'><strong>in</strong></span> <span class='ocrx_word' id='word_1_134' title='bbox 1805 2932 2008 2978; x_wconf 88' lang='lat' dir='ltr'><strong>auras</strong></span> <span class='ocrx_word' id='word_1_135' title='bbox 2041 2911 2312 2977; x_wconf 85' lang='lat' dir='ltr'><strong>effluere</strong></span> <span class='ocrx_word' id='word_1_136' title='bbox 2336 2920 2406 2977; x_wconf 88' lang='lat' dir='ltr'><strong>et</strong></span> <span class='ocrx_word' id='word_1_137' title='bbox 2432 2911 2754 2993; x_wconf 79' lang='lat' dir='ltr'><strong>dissolvi3</strong></span> <span class='ocrx_word' id='word_1_138' title='bbox 2805 2912 2996 2978; x_wconf 86' lang='lat' dir='ltr'><strong>theo-</strong></span> 
     </span>
     <span class='ocr_line' id='line_1_21' title="bbox 1133 3013 2993 3098; baseline -0.001 -20"><span class='ocrx_word' id='word_1_139' title='bbox 1133 3013 1276 3096; x_wconf 78' lang='lat' dir='ltr'><strong>log-i</strong></span> <span class='ocrx_word' id='word_1_140' title='bbox 1307 3034 1577 3098; x_wconf 89' lang='lat' dir='ltr'><strong>quoque</strong></span> <span class='ocrx_word' id='word_1_141' title='bbox 1626 3015 1712 3079; x_wconf 90' lang='lat' dir='ltr'><strong>de</strong></span> <span class='ocrx_word' id='word_1_142' title='bbox 1759 3014 1987 3077; x_wconf 88' lang='lat' dir='ltr'><strong>anima</strong></span> <span class='ocrx_word' id='word_1_143' title='bbox 2030 3013 2230 3076; x_wconf 75' lang='lat' dir='ltr'><strong>aliter</strong></span> <span class='ocrx_word' id='word_1_144' title='bbox 2258 3013 2628 3077; x_wconf 87' lang='lat' dir='ltr'><strong>sentientes</strong></span> <span class='ocrx_word' id='word_1_145' title='bbox 2681 3020 2993 3077; x_wconf 89' lang='lat' dir='ltr'><strong>asserunt</strong></span> 
     </span>
     <span class='ocr_line' id='line_1_22' title="bbox 1132 3113 2995 3196; baseline -0.002 -18"><span class='ocrx_word' id='word_1_146' title='bbox 1132 3122 1274 3178; x_wconf 88' lang='lat' dir='ltr'><strong>tres</strong></span> <span class='ocrx_word' id='word_1_147' title='bbox 1314 3134 1464 3179; x_wconf 91' lang='lat' dir='ltr'><strong>esse</strong></span> <span class='ocrx_word' id='word_1_148' title='bbox 1504 3116 1882 3179; x_wconf 90' lang='lat' dir='ltr'><strong>animarum</strong></span> <span class='ocrx_word' id='word_1_149' title='bbox 1925 3120 2082 3196; x_wconf 88' lang='lat' dir='ltr'><strong>post</strong></span> <span class='ocrx_word' id='word_1_150' title='bbox 2124 3119 2408 3176; x_wconf 90' lang='lat' dir='ltr'><strong>mortem</strong></span> <span class='ocrx_word' id='word_1_151' title='bbox 2456 3113 2759 3194; x_wconf 83' lang='lat' dir='ltr'><strong>corporis</strong></span> <span class='ocrx_word' id='word_1_152' title='bbox 2803 3132 2995 3177; x_wconf 89' lang='lat' dir='ltr'><strong>man-</strong></span> 
     </span>
     <span class='ocr_line' id='line_1_23' title="bbox 1135 3211 2997 3293; baseline -0.002 -16"><span class='ocrx_word' id='word_1_153' title='bbox 1135 3216 1384 3291; x_wconf 80' lang='lat' dir='ltr'><strong>sioneS‚</strong></span> <span class='ocrx_word' id='word_1_154' title='bbox 1410 3234 1616 3279; x_wconf 89' lang='lat' dir='ltr'><strong>unam</strong></span> <span class='ocrx_word' id='word_1_155' title='bbox 1646 3215 1715 3276; x_wconf 91' lang='lat' dir='ltr'><strong>in</strong></span> <span class='ocrx_word' id='word_1_156' title='bbox 1748 3212 1942 3288; x_wconf 81' lang='lat' dir='ltr'><strong>caelo,</strong></span> <span class='ocrx_word' id='word_1_157' title='bbox 1980 3212 2264 3275; x_wconf 89' lang='lat' dir='ltr'><strong>alteram</strong></span> <span class='ocrx_word' id='word_1_158' title='bbox 2297 3212 2367 3275; x_wconf 90' lang='lat' dir='ltr'><strong>in</strong></span> <span class='ocrx_word' id='word_1_159' title='bbox 2400 3211 2824 3293; x_wconf 83' lang='lat' dir='ltr'><strong>purgatorio,</strong></span> <span class='ocrx_word' id='word_1_160' title='bbox 2859 3219 2997 3276; x_wconf 86' lang='lat' dir='ltr'><strong>ter-</strong></span> 
     </span>
     <span class='ocr_line' id='line_1_24' title="bbox 1136 3310 2997 3392; baseline -0.002 -15"><span class='ocrx_word' id='word_1_161' title='bbox 1136 3314 1303 3377; x_wconf 87' lang='lat' dir='ltr'><strong>tiam</strong></span> <span class='ocrx_word' id='word_1_162' title='bbox 1331 3315 1404 3376; x_wconf 91' lang='lat' dir='ltr'><strong>in</strong></span> <span class='ocrx_word' id='word_1_163' title='bbox 1436 3314 1740 3390; x_wconf 82' lang='lat' dir='ltr'><strong>infern03</strong></span> <span class='ocrx_word' id='word_1_164' title='bbox 1787 3310 1906 3375; x_wconf 88' lang='lat' dir='ltr'><strong>sed</strong></span> <span class='ocrx_word' id='word_1_165' title='bbox 1935 3311 2113 3374; x_wconf 93' lang='lat' dir='ltr'><strong>sicut</strong></span> <span class='ocrx_word' id='word_1_166' title='bbox 2145 3310 2387 3374; x_wconf 84' lang='lat' dir='ltr'><strong>animae</strong></span> <span class='ocrx_word' id='word_1_167' title='bbox 2420 3329 2573 3392; x_wconf 84' lang='lat' dir='ltr'><strong>quae</strong></span> <span class='ocrx_word' id='word_1_168' title='bbox 2620 3312 2693 3374; x_wconf 92' lang='lat' dir='ltr'><strong>in</strong></span> <span class='ocrx_word' id='word_1_169' title='bbox 2735 3311 2997 3374; x_wconf 87' lang='lat' dir='ltr'><strong>inferno</strong></span> 
     </span>
     <span class='ocr_line' id='line_1_25' title="bbox 1139 3410 2998 3492; baseline 0.001 -19"><span class='ocrx_word' id='word_1_170' title='bbox 1139 3419 1303 3475; x_wconf 89' lang='lat' dir='ltr'><strong>sunt</strong></span> <span class='ocrx_word' id='word_1_171' title='bbox 1332 3431 1469 3475; x_wconf 88' lang='lat' dir='ltr'><strong>non</strong></span> <span class='ocrx_word' id='word_1_172' title='bbox 1511 3410 1982 3486; x_wconf 83' lang='lat' dir='ltr'><strong>salvabuntur,</strong></span> <span class='ocrx_word' id='word_1_173' title='bbox 2011 3410 2111 3473; x_wconf 90' lang='lat' dir='ltr'><strong>ita</strong></span> <span class='ocrx_word' id='word_1_174' title='bbox 2138 3410 2274 3473; x_wconf 85' lang='lat' dir='ltr'><strong>illae</strong></span> <span class='ocrx_word' id='word_1_175' title='bbox 2300 3428 2453 3491; x_wconf 83' lang='lat' dir='ltr'><strong>quae</strong></span> <span class='ocrx_word' id='word_1_176' title='bbox 2493 3410 2566 3473; x_wconf 92' lang='lat' dir='ltr'><strong>in</strong></span> <span class='ocrx_word' id='word_1_177' title='bbox 2597 3411 2998 3492; x_wconf 83' lang='lat' dir='ltr'><strong>purgatorio</strong></span> 
     </span>
     <span class='ocr_line' id='line_1_26' title="bbox 1139 3509 2998 3593; baseline 0 -19"><span class='ocrx_word' id='word_1_178' title='bbox 1139 3511 1449 3574; x_wconf 85' lang='lat' dir='ltr'><strong>existunt</strong></span> <span class='ocrx_word' id='word_1_179' title='bbox 1508 3509 2034 3574; x_wconf 88' lang='lat' dir='ltr'><strong>misericordiam</strong></span> <span class='ocrx_word' id='word_1_180' title='bbox 2091 3515 2610 3591; x_wconf 88' lang='lat' dir='ltr'><strong>consequentur.</strong></span> <span class='ocrx_word' id='word_1_181' title='bbox 2748 3509 2998 3593; x_wconf 84' lang='lat' dir='ltr'><strong>Itaque</strong></span> 
     </span>
     <span class='ocr_line' id='line_1_27' title="bbox 1140 3607 2994 3692; baseline 0.001 -20"><span class='ocrx_word' id='word_1_182' title='bbox 1140 3609 1304 3673; x_wconf 90' lang='lat' dir='ltr'><strong>data</strong></span> <span class='ocrx_word' id='word_1_183' title='bbox 1332 3608 1463 3672; x_wconf 89' lang='lat' dir='ltr'><strong>fide</strong></span> <span class='ocrx_word' id='word_1_184' title='bbox 1494 3609 1672 3673; x_wconf 89' lang='lat' dir='ltr'><strong>inter</strong></span> <span class='ocrx_word' id='word_1_185' title='bbox 1702 3609 1926 3673; x_wconf 91' lang='lat' dir='ltr'><strong>socios</strong></span> <span class='ocrx_word' id='word_1_186' title='bbox 1975 3615 2042 3673; x_wconf 90' lang='lat' dir='ltr'><strong>et</strong></span> <span class='ocrx_word' id='word_1_187' title='bbox 2074 3615 2357 3691; x_wconf 85' lang='lat' dir='ltr'><strong>accepta</strong></span> <span class='ocrx_word' id='word_1_188' title='bbox 2401 3627 2555 3672; x_wconf 90' lang='lat' dir='ltr'><strong>cum</strong></span> <span class='ocrx_word' id='word_1_189' title='bbox 2575 3607 2994 3692; x_wconf 87' lang='lat' dir='ltr'><strong>juramento,</strong></span> 
     </span>
     <span class='ocr_line' id='line_1_28' title="bbox 1138 3708 2998 3792; baseline 0 -20"><span class='ocrx_word' id='word_1_190' title='bbox 1138 3728 1273 3777; x_wconf 88' lang='lat' dir='ltr'><strong>nou</strong></span> <span class='ocrx_word' id='word_1_191' title='bbox 1310 3708 1597 3772; x_wconf 91' lang='lat' dir='ltr'><strong>multum</strong></span> <span class='ocrx_word' id='word_1_192' title='bbox 1643 3716 1913 3792; x_wconf 87' lang='lat' dir='ltr'><strong>tempus</strong></span> <span class='ocrx_word' id='word_1_193' title='bbox 1963 3708 2317 3790; x_wconf 86' lang='lat' dir='ltr'><strong>praeteriit‚</strong></span> <span class='ocrx_word' id='word_1_194' title='bbox 2350 3714 2419 3771; x_wconf 90' lang='lat' dir='ltr'><strong>et</strong></span> <span class='ocrx_word' id='word_1_195' title='bbox 2451 3727 2607 3771; x_wconf 86' lang='lat' dir='ltr'><strong>ecce</strong></span> <span class='ocrx_word' id='word_1_196' title='bbox 2661 3727 2841 3771; x_wconf 92' lang='lat' dir='ltr'><strong>unus</strong></span> <span class='ocrx_word' id='word_1_197' title='bbox 2884 3728 2998 3773; x_wconf 87' lang='lat' dir='ltr'><strong>eo-</strong></span> 
     </span>
     <span class='ocr_line' id='line_1_29' title="bbox 1137 3806 2999 3891; baseline 0 -20"><span class='ocrx_word' id='word_1_198' title='bbox 1137 3828 1290 3872; x_wconf 91' lang='lat' dir='ltr'><strong>rum</strong></span> <span class='ocrx_word' id='word_1_199' title='bbox 1330 3808 1554 3872; x_wconf 90' lang='lat' dir='ltr'><strong>subito</strong></span> <span class='ocrx_word' id='word_1_200' title='bbox 1609 3808 1865 3890; x_wconf 89' lang='lat' dir='ltr'><strong>absque</strong></span> <span class='ocrx_word' id='word_1_201' title='bbox 1907 3806 2331 3871; x_wconf 88' lang='lat' dir='ltr'><strong>confessione</strong></span> <span class='ocrx_word' id='word_1_202' title='bbox 2375 3814 2444 3870; x_wconf 88' lang='lat' dir='ltr'><strong>et</strong></span> <span class='ocrx_word' id='word_1_203' title='bbox 2476 3808 2726 3871; x_wconf 85' lang='lat' dir='ltr'><strong>viatico</strong></span> <span class='ocrx_word' id='word_1_204' title='bbox 2768 3809 2999 3891; x_wconf 85' lang='lat' dir='ltr'><strong>exspi-</strong></span> 
     </span>
     <span class='ocr_line' id='line_1_30' title="bbox 1138 3904 3000 3988; baseline 0.001 -19"><span class='ocrx_word' id='word_1_205' title='bbox 1138 3908 1358 3988; x_wconf 86' lang='lat' dir='ltr'><strong>ravit;</strong></span> <span class='ocrx_word' id='word_1_206' title='bbox 1403 3908 1731 3971; x_wconf 88' lang='lat' dir='ltr'><strong>remansit</strong></span> <span class='ocrx_word' id='word_1_207' title='bbox 1775 3908 1949 3971; x_wconf 89' lang='lat' dir='ltr'><strong>alter</strong></span> <span class='ocrx_word' id='word_1_208' title='bbox 1990 3907 2062 3970; x_wconf 91' lang='lat' dir='ltr'><strong>in</strong></span> <span class='ocrx_word' id='word_1_209' title='bbox 2108 3904 2360 3982; x_wconf 89' lang='lat' dir='ltr'><strong>seculo,</strong></span> <span class='ocrx_word' id='word_1_210' title='bbox 2401 3913 2471 3969; x_wconf 90' lang='lat' dir='ltr'><strong>et</strong></span> <span class='ocrx_word' id='word_1_211' title='bbox 2514 3905 2598 3969; x_wconf 90' lang='lat' dir='ltr'><strong>de</strong></span> <span class='ocrx_word' id='word_1_212' title='bbox 2652 3907 2784 3970; x_wconf 88' lang='lat' dir='ltr'><strong>fide</strong></span> <span class='ocrx_word' id='word_1_213' title='bbox 2834 3907 3000 3971; x_wconf 89' lang='lat' dir='ltr'><strong>data</strong></span> 
     </span>
     <span class='ocr_line' id='line_1_31' title="bbox 1138 4005 2998 4088; baseline 0.001 -20"><span class='ocrx_word' id='word_1_214' title='bbox 1138 4008 1375 4072; x_wconf 89' lang='lat' dir='ltr'><strong>sedulo</strong></span> <span class='ocrx_word' id='word_1_215' title='bbox 1429 4008 1763 4088; x_wconf 81' lang='lat' dir='ltr'><strong>cogitans,</strong></span> <span class='ocrx_word' id='word_1_216' title='bbox 1839 4006 2198 4070; x_wconf 89' lang='lat' dir='ltr'><strong>terminum</strong></span> <span class='ocrx_word' id='word_1_217' title='bbox 2255 4005 2613 4087; x_wconf 83' lang='lat' dir='ltr'><strong>praefixum</strong></span> <span class='ocrx_word' id='word_1_218' title='bbox 2673 4025 2795 4087; x_wconf 87' lang='lat' dir='ltr'><strong>per</strong></span> <span class='ocrx_word' id='word_1_219' title='bbox 2854 4007 2998 4070; x_wconf 85' lang='lat' dir='ltr'><strong>dies</strong></span> 
     </span>
     <span class='ocr_line' id='line_1_32' title="bbox 1138 4105 2999 4188; baseline -0.001 -19"><span class='ocrx_word' id='word_1_220' title='bbox 1138 4107 1423 4188; x_wconf 83' lang='lat' dir='ltr'><strong>triginta</strong></span> <span class='ocrx_word' id='word_1_221' title='bbox 1483 4106 1778 4170; x_wconf 88' lang='lat' dir='ltr'><strong>inaniter</strong></span> <span class='ocrx_word' id='word_1_222' title='bbox 1833 4105 2301 4187; x_wconf 84' lang='lat' dir='ltr'><strong>exspectabat,</strong></span> <span class='ocrx_word' id='word_1_223' title='bbox 2378 4105 2624 4186; x_wconf 91' lang='lat' dir='ltr'><strong>quibus</strong></span> <span class='ocrx_word' id='word_1_224' title='bbox 2680 4105 2999 4182; x_wconf 87' lang='lat' dir='ltr'><strong>evolutis,</strong></span> 
     </span>
     <span class='ocr_line' id='line_1_33' title="bbox 1138 4204 2999 4287; baseline 0 -19"><span class='ocrx_word' id='word_1_225' title='bbox 1138 4205 1298 4269; x_wconf 93' lang='lat' dir='ltr'><strong>dum</strong></span> <span class='ocrx_word' id='word_1_226' title='bbox 1327 4206 1725 4287; x_wconf 89' lang='lat' dir='ltr'><strong>desperatus</strong></span> <span class='ocrx_word' id='word_1_227' title='bbox 1764 4204 1916 4267; x_wconf 90' lang='lat' dir='ltr'><strong>aliis</strong></span> <span class='ocrx_word' id='word_1_228' title='bbox 1966 4204 2267 4267; x_wconf 88' lang='lat' dir='ltr'><strong>animum</strong></span> <span class='ocrx_word' id='word_1_229' title='bbox 2313 4205 2609 4285; x_wconf 84' lang='lat' dir='ltr'><strong>negotiis</strong></span> <span class='ocrx_word' id='word_1_230' title='bbox 2659 4205 2999 4287; x_wconf 87' lang='lat' dir='ltr'><strong>applicas-</strong></span> 
     </span>
     <span class='ocr_line' id='line_1_34' title="bbox 1137 4303 2998 4386; baseline 0.001 -19"><span class='ocrx_word' id='word_1_231' title='bbox 1137 4312 1267 4382; x_wconf 88' lang='lat' dir='ltr'><strong>set,</strong></span> <span class='ocrx_word' id='word_1_232' title='bbox 1300 4325 1456 4369; x_wconf 89' lang='lat' dir='ltr'><strong>ecce</strong></span> <span class='ocrx_word' id='word_1_233' title='bbox 1491 4311 1800 4369; x_wconf 90' lang='lat' dir='ltr'><strong>mortuus</strong></span> <span class='ocrx_word' id='word_1_234' title='bbox 1842 4303 2060 4367; x_wconf 90' lang='lat' dir='ltr'><strong>sodali</strong></span> <span class='ocrx_word' id='word_1_235' title='bbox 2106 4320 2442 4384; x_wconf 89' lang='lat' dir='ltr'><strong>apparens</strong></span> <span class='ocrx_word' id='word_1_236' title='bbox 2473 4303 2733 4368; x_wconf 84' lang='lat' dir='ltr'><strong>viventi</strong></span> <span class='ocrx_word' id='word_1_237' title='bbox 2781 4312 2852 4368; x_wconf 89' lang='lat' dir='ltr'><strong>et</strong></span> <span class='ocrx_word' id='word_1_238' title='bbox 2894 4305 2998 4386; x_wconf 90' lang='lat' dir='ltr'><strong>ip-</strong></span> 
     </span>
    </p>
   </div>
   <div class='ocr_carea' id='block_1_4' title="bbox 1136 4568 3004 4704">
    <p class='ocr_par' dir='ltr' id='par_1_4' title="bbox 1136 4568 3004 4704">
     <span class='ocr_line' id='line_1_35' title="bbox 1136 4568 3004 4704; baseline 0.002 -86"><span class='ocrx_word' id='word_1_239' title='bbox 1136 4642 1169 4690; x_wconf 76' lang='lat' dir='ltr'>b</span> <span class='ocrx_word' id='word_1_240' title='bbox 1209 4568 1224 4600; x_wconf 92' lang='lat'>¹</span> <span class='ocrx_word' id='word_1_241' title='bbox 1253 4571 1331 4704; x_wconf 58' lang='grc' dir='ltr'><strong>Ῑιιξ</strong></span> <span class='ocrx_word' id='word_1_242' title='bbox 1344 4570 1540 4689; x_wconf 51' lang='lat' dir='ltr'><strong>{ignit</strong></span> <span class='ocrx_word' id='word_1_243' title='bbox 1563 4568 1881 4631; x_wconf 54' lang='lat' dir='ltr'><strong>Britannia]</strong></span> <span class='ocrx_word' id='word_1_244' title='bbox 1913 4568 2019 4618; x_wconf 84' lang='lat' dir='ltr'><strong>The</strong></span> <span class='ocrx_word' id='word_1_245' title='bbox 2052 4568 2232 4631; x_wconf 77' lang='lat' dir='ltr'><strong>legend</strong></span> <span class='ocrx_word' id='word_1_246' title='bbox 2265 4568 2522 4631; x_wconf 77' lang='lat' dir='ltr'><strong>following</strong></span> <span class='ocrx_word' id='word_1_247' title='bbox 2555 4570 2602 4619; x_wconf 81' lang='lat' dir='ltr'><strong>is</strong></span> <span class='ocrx_word' id='word_1_248' title='bbox 2634 4570 2760 4620; x_wconf 80' lang='lat' dir='ltr'><strong>from</strong></span> <span class='ocrx_word' id='word_1_249' title='bbox 2796 4570 3004 4621; x_wconf 81' lang='lat' dir='ltr'><strong>Malms·</strong></span> 
     </span>
     <span class='ocr_line' id='line_1_36' title="bbox 1170 4655 1462 4704; baseline 0 -14"><span class='ocrx_word' id='word_1_250' title='bbox 1170 4655 1284 4704; x_wconf 76' lang='lat' dir='ltr'><strong>ury,</strong></span> <span class='ocrx_word' id='word_1_251' title='bbox 1449 4675 1462 4690; x_wconf 89' lang='lat'><strong>.</strong></span> 
     </span>
    </p>
   </div>
  </div>
 </body>
</html>
