3457 5887
923 829 1199 878 ηοιιιιε
1247 816 2292 880 ms'romAnuu.143

404 983 801 1053 domiciliis¹
846 996 918 1053 et
954 988 1325 1053 coenaculis
1378 987 1667 1053 occultis
1720 987 2164 1054 extrahentes
2217 991 2289 1054 in
2315 1005 2426 1045 Amo
2447 1006 2559 1045 που.

402 1089 783 1170 publicum,
814 1097 939 1153 aut
962 1089 1212 1171 gladiis
1246 1089 1915 1166 transverberabant,
1946 1095 2070 1152 aut
2112 1108 2289 1172 prae-
2316 1056 2612 1146 {ccmo--

403 1189 644 1270 cipitio
675 1189 955 1266 dabant,
997 1188 1101 1252 ita
1142 1196 1221 1252 ut
1253 1187 1621 1252 confractis
1655 1188 2035 1251 cervicibus
2076 1189 2289 1253 inter-

402 1288 634 1368 irent;
701 1297 771 1353 et
813 1289 1203 1371 quicunque
1246 1288 1519 1351 domum
1572 1287 1684 1352 vel
1739 1287 2072 1371 palatium
2127 1307 2289 1353 con-

401 1386 706 1470 fringere
737 1389 847 1452 vel
891 1389 1082 1471 prius
1124 1389 1384 1452 intrare
1427 1394 1725 1470 poterat,
1770 1406 1921 1451 eam
1966 1388 2094 1451 sibi
2134 1407 2288 1452 cum

402 1488 733 1552 universa
787 1486 1175 1553 substantia
1225 1487 1384 1571 jure
1444 1493 1775 1570 perpetuo
1838 1488 2287 1567 vendicabat3

400 1588 507 1650 sic
568 1588 749 1651 enim
813 1589 992 1653 inter
1050 1588 1395 1670 principes
1455 1595 1893 1664 convenerat,
1955 1594 2059 1664 ut,
2117 1588 2286 1652 urbe

401 1695 833 1769 expugnata,
891 1688 986 1763 id,
1048 1686 1231 1769 quod
1293 1686 1582 1769 quilibet
1655 1686 2071 1769 adquireret,
2129 1687 2290 1771 jure

400 1785 842 1852 haereditario
906 1787 1323 1870 possideret3
1385 1786 1569 1850 unde
1630 1787 2020 1868 quicunque
2093 1788 2285 1870 prius

400 1885 685 1950 domum
752 1888 865 1952 vel
937 1886 1295 1951 aedificium
1369 1886 1825 1969 quodcunque
1898 1888 2286 1970 occupavit,

401 1986 740 2050 vexillum
771 1987 883 2050 vel
926 1987 1238 2070 clypeum
1283 1986 1394 2050 vel
1443 1985 1629 2049 aliud
1679 2004 2022 2050 armorum
2067 2006 2284 2068 genus

400 2086 480 2148 in
517 2086 805 2150 introitu
849 2086 1256 2168 configebat,
1300 2094 1381 2149 ut
1420 2093 1604 2149 esset
1644 2085 1917 2166 signum
1963 2086 2286 2150 acceden-

407 2185 602 2248 tibus
640 2203 726 2248 ne
771 2204 1079 2266 gressum
1128 2186 1221 2249 ibi
1270 2185 1589 2268 figerent,
1632 2183 1754 2247 sed
1789 2184 2065 2248 domum
2111 2205 2288 2269 prae-

412 2284 723 2360 terirent,
753 2286 950 2366 quasi
984 2286 1071 2350 ab
1100 2285 1252 2349 aliis
1280 2292 1708 2368 occupatam.

864 2460 1202 2545 Principe-s
1229 2459 1363 2524 loca
1389 2467 1604 2523 sancta
1621 2466 1867 2544 poemat.

536 2577 869 2648 Civitate²
911 2585 1147 2667 itaque
1192 2585 1566 2668 subjugata
1610 2590 1681 2647 et
1726 2582 1965 2664 spoliis
2012 2599 2056 2644 a
2097 2601 2290 2663 pere·
2315 2595 2551 2686 w

409 2683 629 2764 grinis
689 2685 1062 2749 victoribus
1126 2684 1457 2759 collectis,
1519 2682 1897 2764 sedatoque
1966 2681 2289 2758 tumultu,

411 2791 793 2864 coeperunt,
827 2784 1155 2867 depositis
1199 2783 1431 2860 armis,
1463 2784 1536 2846 in
1586 2784 1831 2865 spiritu
1882 2780 2291 2845 humilitatis

410 2901 575 2947 cum
624 2884 884 2964 gemitu
944 2890 1017 2948 et
1073 2882 1463 2967 lachrymis,
1524 2883 1725 2947 nudis
1771 2881 2080 2965 pedibus,
2141 2882 2293 2946 loca

412 2983 858 3062 venerabilia,
907 3003 1063 3066 quae
1103 2983 1424 3048 Salvator
1472 2984 1752 3066 propria
1808 2989 1916 3046 est
1968 2982 2293 3062 dignatus

413 3082 848 3148 sanctificare
895 3083 1285 3166 praesentia,
1340 3103 1489 3147 cum
1540 3083 1725 3146 omni
1764 3082 2130 3146 devotione
2165 3082 2294 3145 cir-

412 3181 701 3257 cumire,
731 3190 800 3246 et
849 3182 1236 3266 specialiter
1275 3182 1633 3246 ecclesiam
1666 3189 1926 3245 sanctae
1956 3199 2293 3245 resurrec-

410 3282 626 3345 tionis
660 3289 730 3346 et
760 3282 1138 3348 Dominicae
1174 3283 1530 3365 passionis.
1635 3281 1808 3345 Erat
1841 3282 2091 3345 intueri
2124 3299 2291 3345 sane

397 3380 1005 3465 jucundissimum,
1055 3391 1318 3465 quanta
1363 3381 1726 3446 devotione
1774 3379 2004 3445 fideles
2055 3380 2288 3463 populi

406 3482 771 3564 utriusque
815 3501 1050 3558 sexus,
1100 3490 1364 3565 quanta
1420 3480 1667 3545 mentis
1728 3480 2157 3544 exultatione
2220 3490 2290 3545 et

408 3579 773 3646 dulcedine
826 3582 1190 3666 spirituali,
1233 3582 1406 3646 fusis
1446 3581 1739 3645 ubertim
1777 3579 2168 3664 lachrymis,
2199 3580 2284 3643 ad

407 3680 570 3744 loca
635 3691 879 3747 sancta
941 3681 1384 3761 accederent;
1456 3688 1755 3763 quantas
1813 3681 2073 3762 gratias
2134 3679 2287 3744 Deo

409 3788 726 3861 agerent,
769 3783 890 3864 qui
944 3789 1160 3846 tantae
1207 3782 1307 3845 eis
1357 3780 1921 3865 peregrinationis
1971 3799 2288 3844 consum-

410 3880 786 3945 mationem
827 3881 914 3945 ad
950 3882 1264 3946 effectum
1308 3882 1676 3965 perducere
1719 3887 2176 3956 concesserat,
2219 3886 2290 3943 et

413 3998 506 4042 ex
553 3979 780 4044 fructu
831 3981 1141 4046 laborum
1193 4001 1471 4046 suorum
1531 3989 1602 4044 et
1653 3980 1978 4044 exhibitae
2027 3979 2290 4043 militiae

408 4078 739 4160 dignatus
781 4091 931 4145 erat
962 4081 1098 4145 illis
1133 4101 1345 4163 supra
1375 4081 1620 4144 merita
1664 4079 2010 4162 stipendia
2055 4098 2291 4141 nume-

411 4198 613 4259 rare3
661 4180 790 4244 fuit
815 4189 1045 4244 autem
1079 4182 1393 4244 omnibus
1414 4199 1553 4244 una
1574 4180 1644 4243 iu
1668 4198 1892 4242 arram
1914 4178 2163 4243 futurae
2187 4197 2292 4242 re-

415 4280 811 4343 tributionis
843 4279 1113 4358 fiducia‚
1133 4281 1318 4364 quod
1346 4300 1468 4363 per
1501 4279 1937 4343 collationem
1961 4278 2294 4341 donorum

412 4381 880 4460 praesentium,
921 4380 1118 4444 firma
1163 4381 1255 4444 sit
1299 4380 1398 4444 eis
1448 4379 1843 4461 expectatio
1887 4378 2294 4452 futurorum,

451 4554 843 4675 digamma]
888 4559 951 4609 In
989 4560 1101 4610 ms,
1145 4558 1332 4608 ‘homi-
1450 4554 1745 4675 ²73⁰M‘]
1769 4552 2294 4617 comparewmxryr.

417 4642 463 4676 cn
574 4628 608 4676 .'
1383 4644 1435 4689 p·
1559 4662 1573 4675 ·
