3457 5887
1123 796 1167 860 4
1621 804 1888 859 nouum
1935 810 2027 859 nn
2072 806 2478 859 wunnovnn

809 984 916 1026 ΑΛ).
941 985 1050 1026 10⁸⁷-
1124 966 1458 1032 vomicam
1488 967 1858 1033 irritanteS.
1958 968 2427 1034 Veruntamen
2469 966 2614 1030 haec
2640 965 2823 1029 mala
2848 982 2985 1028 non

1124 1067 1212 1131 de
1258 1069 1570 1131 omnibus
1621 1068 1807 1133 dicta
1854 1068 2223 1150 intelligas,
2268 1088 2422 1132 cum
2471 1066 2723 1130 multos
2766 1063 2984 1128 omnis

1127 1166 1538 1230 conditionis
1574 1168 1878 1232 homines
1912 1174 1982 1230 et
2013 1167 2367 1249 dignitatis
2411 1167 2482 1229 in
2512 1165 2748 1229 eadem
2783 1169 2985 1246 gente

1128 1272 1394 1329 constet
1423 1266 1717 1330 Domino
1752 1266 2112 1349 placuisse.

1222 1436 1498 1517 Qualiter
1524 1460 1631 1502 rem
1674 1436 2013 1503 Willolmus
2042 1438 2352 1503 Emoniam
2383 1436 2608 1502 obsedit
2636 1444 2693 1499 et
2720 1433 2896 1519 cepit.

810 1576 993 1666 ⁸¹‘⁸⁰,;’‘
1227 1561 1483 1625 Eodem
1542 1568 1849 1642 tempore
1911 1581 2035 1625 rex
2084 1561 2469 1626 Willelmus
2516 1554 2784 1623 ¹urbem
2847 1557 2989 1619 Ex-

966 1653 977 1664 ’
1127 1659 1353 1724 oniam
1402 1660 1533 1723 sibi
1574 1660 1892 1724 rebellem
1944 1661 2295 1724 obsidione
2333 1660 2642 1736 vallavit,
2686 1658 2803 1720 ubi
2837 1655 2986 1737 qui-

1126 1759 1283 1823 dam
1314 1765 1504 1823 stans
1532 1759 1786 1824 nudato
1814 1759 2091 1841 inguine
2135 1759 2361 1823 sonitu
2405 1758 2622 1840 partis
2650 1754 2985 1819 inferioris

1126 1877 1330 1922 auras
1362 1860 1686 1935 turbavit,
1718 1859 1790 1921 in
1813 1865 2272 1941 contemptum
2304 1858 2619 1922 videlicet
2647 1855 2988 1919 Norman-

1127 1977 1405 2037 norum3
1468 1957 1646 2022 unde
1699 1957 2087 2021 Willelmus
2140 1957 2211 2020 in
2253 1957 2422 2021 iram
2466 1972 2834 2021 conversus
2889 1952 2983 2015 ci-

1126 2058 1409 2121 vitatem
1451 2056 1585 2120 levi
1624 2057 1900 2136 negotio
1944 2056 2378 2139 subjugavit3
2426 2054 2666 2118 deinde
2692 2047 2980 2116 ²Ebora-

1126 2175 1282 2219 cum
1331 2164 1593 2237 petenS,
1636 2175 1789 2218 eam
1838 2156 2108 2238 penitus
2162 2154 2435 2231 delevit,
2480 2154 2740 2218 civibus
2789 2151 2982 2214 flam-

1127 2273 1240 2317 ma
1285 2254 1596 2336 ferroque
1645 2256 1924 2317 necatis·
2027 2254 2167 2333 Qui
2214 2260 2441 2317 autem
2487 2254 2575 2316 ab
2618 2251 2746 2315 hac
2792 2248 2984 2313 clade

1125 2352 1412 2417 evadere
1440 2360 1831 2435 potuerunt,
1863 2354 1950 2418 ad
1984 2372 2212 2435 regem
2246 2352 2684 2416 Malcolmum
2714 2351 2784 2413 in
2817 2348 2985 2411 Sco-

1123 2451 1289 2515 tiam
1311 2452 1786 2534 confugerunt,
1815 2453 1932 2533 qui
1975 2471 2209 2516 omnes
2238 2449 2616 2532 Anglorum
2659 2447 2984 2531 profugas

1124 2551 1413 2615 libenter
1468 2551 1859 2633 recipiebat,
1914 2557 1986 2615 et
2033 2550 2321 2631 singulis
2376 2534 2853 2623 tutamentum,
2911 2545 2983 2608 in

1122 2657 1459 2730 quantum
1512 2656 1805 2731 poterat,
1857 2648 2311 2732 impendebat,
2358 2655 2638 2730 propter
2684 2663 2986 2710 sororem

1126 2747 1426 2829 Eadgari
1473 2747 1961 2829 Margaretam,
2006 2764 2210 2829 quam
2263 2747 2392 2810 sibi
2444 2746 2699 2810 fecerat
2748 2744 2985 2827 conju-

1124 2846 1387 2928 galem3
1434 2845 1630 2930 cujus
1662 2865 1872 2910 causa
1915 2846 2368 2911 conterminas
2395 2845 2669 2928 Angliae
2712 2844 2987 2927 provin-

1124 2947 1266 3010 cias
1299 2946 1554 3029 rapinis
1599 2953 1669 3010 et
1692 2946 2021 3011 incendiis
2063 2946 2448 3011 infestabat.
2552 2945 2990 3027 Quapropter

1126 3063 1249 3108 rex
1281 3045 1690 3122 willelmae,
1718 3054 1960 3110 coacta
1984 3046 2275 3110 militum
2307 3051 2378 3109 et
2405 3044 2708 3127 peditum
2758 3042 2989 3106 multi-

1125 3144 1361 3208 tudine
1420 3145 1722 3226 copiosa,
1772 3145 2192 3226 aquilonales
2247 3143 2523 3226 Angliae
2577 3150 2809 3226 partes
2869 3161 2989 3224 pe-

1126 3251 1303 3318 tenS,
1331 3243 1543 3306 totius
1574 3243 1874 3322 regionis
1901 3245 2127 3319 urbeS,
2155 3245 2364 3319 vicos,
2400 3262 2603 3325 agros
2638 3249 2707 3305 et
2736 3241 2989 3324 oppida

1127 3341 1386 3404 conteri
1435 3349 1505 3404 et
1537 3339 1769 3422 fruges
1798 3335 2026 3424 ⁸jubet
2052 3342 2212 3422 igne
2254 3342 2602 3420 consumi3
2647 3340 2990 3405 maritima

1127 3439 1448 3515 maxime,
1492 3458 1645 3502 cum
1695 3447 1976 3523 propter
2019 3448 2356 3504 recentem
2405 3441 2603 3518 iram,
2634 3448 2780 3504 tum
2827 3439 2990 3521 quia

1131 3536 1512 3601 Cnutonem
1549 3538 1901 3602 Danorum
1950 3558 2175 3621 regem
2210 3539 2581 3604 adventare
2614 3558 2844 3602 rumor
2877 3557 2988 3602 as-

1127 3636 1420 3714 serebat,
1463 3644 1543 3700 ut
1591 3636 1759 3701 nihil
1815 3638 1996 3702 circa
2045 3640 2250 3703 maris
2311 3637 2720 3721 crepidinem
2756 3638 2989 3701 vitalis

1126 3735 1408 3799 subsidii
1457 3736 1689 3818 praedo
1746 3736 2074 3818 piraticus
2125 3738 2478 3801 inveniret.
2582 3736 2993 3801 Malcolmus

1126 3853 1398 3917 quoque
1444 3855 1568 3899 rex
1598 3835 1684 3900 ad
1730 3853 1971 3901 manus
1999 3836 2276 3901 veniens
2308 3835 2719 3900 deditionem
2762 3836 2991 3900 cessit.

1200 4088 1214 4118 ¹
1262 4089 1437 4137 Urbem
1502 4085 1804 4147 Exoniam.]
1878 4089 2037 4149 Many
2083 4089 2270 4151 lowing
2311 4104 2450 4151 year,
2493 4090 2762 4151 according
2815 4095 2867 4138 to
2909 4091 2993 4139 the

1129 4157 1279 4208 MSS.
1294 4159 1421 4207 have
1438 4158 1453 4185 ‘
1470 4157 1755 4219 Oxoniamss
1774 4173 1807 4206 a
1828 4159 2037 4220 reading
2082 4159 2248 4208 Saxon
2270 4158 2531 4208 Chronicle
2552 4159 2652 4207 and
2675 4159 2929 4211 Florence.

1125 4227 1294 4279 which
1335 4242 1510 4289 agrees
1545 4227 1669 4275 with
1706 4243 1740 4276 a
1775 4231 2037 4276 statement
2150 4225 2172 4258 ⁸
2191 4227 2731 4291 Jubetigneeonmnffl
2753 4229 2859 4278 The
2874 4229 2994 4278 land

1126 4297 1179 4345 in
1200 4297 1489 4358 Domesday
1510 4296 1677 4358 Book,
1706 4296 1815 4345 that
1847 4301 1902 4345 at
1934 4297 2035 4346 this
2083 4296 2247 4346 which
2281 4298 2382 4347 had
2436 4298 2680 4360 belonged
2714 4303 2765 4346 to
2810 4298 2993 4348 Edwin

1124 4366 1243 4415 time
1282 4366 1477 4416 Oxsord
1498 4381 1606 4415 was
1638 4365 1787 4415 much
1825 4366 2034 4426 spoiled.
2081 4366 2181 4414 and
2227 4367 2428 4416 Morcar
2480 4369 2532 4416 in
2584 4368 2669 4416 the
2703 4367 2993 4430 Domesday

1123 4436 1314 4486 Introd.
1336 4441 1388 4484 to
1410 4435 1716 4498 Domeoday,
1737 4451 1790 4497 p.
1816 4439 1926 4485 194.
2082 4437 2275 4497 Survey
2321 4437 2367 4486 is
2433 4438 2612 4486 almost
2675 4439 2993 4499 everywhere

2083 4506 2346 4555 described
2409 4521 2467 4555 as
2536 4508 2553 4535 ‘
2592 4511 2769 4557 wasta.
2786 4503 2801 4524 ’
2902 4509 2996 4558 See

1193 4571 1215 4604 ¹
1236 4573 1500 4624 Eboracum
1517 4579 1684 4638 petens
1698 4568 1747 4642 ,-]
1772 4575 1824 4623 in
1845 4573 1927 4623 the
1941 4573 2035 4623 fol·
2086 4575 2322 4626 Malmsb.
2345 4591 2397 4637 p.
2420 4579 2535 4638 423,
2556 4581 2662 4625 note
2680 4574 2717 4625 ⁸.

3437 1278 3444 1303 .-
3433 1012 3446 1229 ψῃ·
