3457 5887
1194 791 1323 856 152
1698 808 1960 859 nocam
2010 811 2104 858 nn
2146 809 2556 860 wennovssn

878 976 986 1017 M),
1008 978 1121 1017 109⁹.
1199 960 1350 1004 esse
1384 942 1728 1007 montibus
1773 945 2001 1021 sitam,
2034 951 2104 1007 et
2138 945 2210 1008 in
2252 952 2438 1009 sorte
2473 940 2831 1026 BenJamin
2871 940 3060 1004 novi-

875 1027 1177 1118 ssssffl„,
1202 1060 1353 1104 mus
1384 1039 1848 1107 constitutam.
1929 1043 2167 1107 Habet
2198 1051 2430 1108 autem
2457 1044 2544 1107 ab
2572 1042 2919 1106 occidente
2948 1041 3065 1103 tri-

1201 1141 1361 1204 bum
1387 1139 1686 1219 Simeon,
1712 1139 2030 1226 [terram]
2061 1141 2602 1219 Philistinorum,
2621 1149 2695 1205 et
2721 1159 2910 1205 mare
2936 1159 3067 1202 me-

1205 1239 1688 1318 diterraneum,
1724 1260 1769 1304 a
1817 1260 1978 1324 quo,
2016 1261 2229 1325 prope
2264 1250 2370 1307 est
2411 1241 2458 1306 J
2462 1261 2686 1325 oppen
2724 1239 3068 1322 oppidum,

1208 1339 1453 1419 viginti
1476 1347 1775 1421 quatuor
1801 1341 2202 1405 milliaribus
2227 1340 2460 1418 distat,
2483 1342 2661 1404 inter
2690 1358 2766 1403 se
2799 1346 2870 1402 et
2902 1357 3073 1420 prae-

1208 1437 1467 1501 dictum
1519 1459 1706 1503 mare
1763 1439 2023 1505 habens
2074 1439 2429 1504 castellum
2473 1439 2779 1518 Emaus3
2839 1436 3077 1501 Modin

1214 1536 1445 1616 etiam,
1494 1546 1890 1604 sanctorum
1947 1539 2500 1604 Machabaeorum
2544 1536 2960 1621 praesidium,
3010 1545 3076 1600 et

1216 1635 1467 1700 Noben
1490 1638 1783 1701 viculum
1817 1639 2269 1716 sacerdotum,
2297 1646 2367 1702 et
2401 1638 2767 1721 Dispolim,
2799 1656 2955 1718 quae
2976 1643 3077 1699 est

1218 1734 1483 1817 Lydda,
1517 1737 1631 1800 ubi
1667 1734 1915 1801 Petrus
1935 1739 2224 1801 AEneam
2251 1738 2703 1822 paralyticum
2735 1735 2947 1799 saluti
2979 1753 3078 1798 re-

1216 1834 1464 1910 stituit,
1493 1841 1563 1899 et
1585 1836 1701 1899 ubi
1731 1836 1914 1919 apud
1940 1836 2279 1901 Simonem
2307 1837 2668 1900 coriarium
2697 1833 3079 1916 hospitatus

1223 1933 1524 1998 Cornelii
1547 1936 1864 1999 nuntium
1889 1936 2216 2019 suscepit,
2240 1936 2418 1999 sicut
2444 1935 2624 2018 apud
2652 1934 2699 1999 J
2703 1953 2930 2017 oppen
2952 1933 3083 1996 dis-

1222 2033 1545 2115 cipulam,
1573 2033 1943 2098 Thabitam
1980 2036 2278 2110 nomine,
2318 2034 2700 2098 suscitavit.
2801 2032 2914 2097 Ab
2954 2032 3081 2095 ori-

1225 2139 1382 2196 ente
1415 2151 1688 2215 quoque
1732 2133 1779 2198 J
1783 2134 2060 2198 ordanis
2103 2134 2307 2197 habet
2354 2132 2633 2211 fluenta,
2665 2140 2738 2196 et
2775 2129 3082 2195 solitudi-

1226 2251 1381 2295 nem
1441 2230 1734 2296 filiorum
1807 2233 2293 2317 prophetarum
2361 2232 2559 2314 quasi
2619 2231 2707 2296 ad
2773 2229 3087 2294 milliaria

1229 2331 1767 2414 quatuordecim,
1790 2341 1860 2397 et
1884 2332 2132 2398 vallem
2160 2333 2564 2408 silvestrem,
2588 2339 2658 2394 et
2681 2349 2870 2395 mare
2903 2329 3087 2393 Mor-

1232 2438 1423 2494 tuum
1439 2451 1458 2510 ;
1489 2424 1505 2460 ¹
1522 2430 1695 2494 citra
1710 2431 1754 2495 J
1763 2430 2085 2495 ordanem
2103 2451 2265 2495 vero
2284 2430 2331 2495 J
2335 2431 2561 2495 ericho
2578 2430 2809 2505 habet,
2830 2438 2900 2492 et
2923 2427 3088 2492 Gal-

1234 2529 1394 2610 gala
1438 2530 1852 2593 domicilium
1898 2530 2230 2610 Helisaei3
2282 2530 2466 2594 ultra
2511 2549 2672 2595 vero
2724 2528 3090 2593 Jordanem

1239 2627 1535 2705 Galaad‚
1572 2628 1830 2706 Basan,
1862 2629 2117 2707 Amon,
2162 2636 2231 2693 et
2286 2629 2522 2705 Moab,
2570 2628 2752 2711 quod
2795 2635 3093 2712 postmo-

1237 2727 1398 2791 dum
1431 2727 1703 2804 Ruben,
1733 2727 1914 2806 Gad,
1944 2737 2016 2793 et
2043 2728 2322 2793 dimidia
2349 2728 2568 2792 tribus
2593 2727 2917 2791 Manasse
2946 2744 3096 2788 sus-

1239 2835 1563 2908 ceperunt
1594 2828 1665 2890 in
1701 2835 1981 2905 sortem,
2017 2847 2171 2910 quae
2200 2827 2399 2892 hodie
2426 2829 2614 2909 regio
2645 2825 2952 2909 generali
2979 2844 3098 2907 ap-

1242 2925 1607 3010 pellatione
1643 2924 1905 2991 Arabia
1936 2934 2389 3009 nuncupatur.
2485 2924 2597 2991 Ab
2632 2935 2872 2991 austro
2903 2924 3100 2988 habet

1243 3033 1495 3090 sortem
1534 3025 1581 3090 J
1587 3026 1764 3103 udae,
1810 3028 1879 3090 in
1924 3046 2062 3108 qua
2092 3034 2199 3090 est
2244 3026 2619 3104 Bethleem,
2651 3026 2821 3091 felix
2867 3024 3101 3089 Domi·

1244 3126 1418 3189 nicae
1463 3124 1844 3190 nativitatis
1907 3126 2122 3203 locuS,
2165 3134 2235 3190 et
2277 3126 2559 3190 Thecua
2611 3127 2774 3190 urbs
2817 3123 3104 3207 prophe-

1247 3234 1470 3288 tarum
1504 3222 1785 3289 Abacuc
1816 3233 1886 3289 et
1914 3222 2154 3301 AmoS,
2189 3233 2259 3288 et
2301 3224 2610 3301 Hebron,
2645 3244 2799 3308 quae
2832 3232 2941 3288 est
2976 3222 3103 3287 Ca-

1248 3325 1614 3401 riatharbe,
1646 3324 1689 3388 J
1699 3324 2045 3388 udaeorum
2087 3323 2626 3407 patriarcharum
2655 3323 3105 3407 sepulchrum.

1249 3422 1316 3487 A
1345 3423 1807 3505 septentrione
1841 3442 2112 3507 quoque
2144 3422 2348 3487 habet
2389 3422 2703 3500 Gabaon,
2733 3422 2780 3487 J
2786 3442 2952 3487 osue
2994 3422 3110 3485 filii

1254 3521 1418 3585 Nun
1463 3522 1820 3584 victoriam
1880 3523 2241 3603 insignem,
2284 3530 2355 3586 et
2396 3522 2644 3586 tribum
2696 3521 3004 3598 Effraim,
3046 3528 3113 3584 et

1253 3620 1442 3702 Sylo,
1495 3618 1736 3683 Sichar
1799 3639 2069 3704 quoque
2127 3629 2198 3686 et
2255 3621 2583 3685 Samariae
2626 3622 2996 3703 regionem,
3045 3627 3116 3682 et

1256 3718 1524 3795 Bethel,
1563 3720 1828 3801 peccati
1876 3718 2244 3784 Jeroboam
2279 3728 2547 3796 testem,
2598 3720 2717 3783 sed
2760 3732 2832 3783 et
2874 3720 3119 3783 Sebas-

1258 3828 1461 3894 team,
1500 3817 1766 3880 Helisei
1805 3824 1875 3881 et
1907 3816 2152 3883 Abdiae
2196 3819 2628 3902 sepulchrum
2674 3827 2745 3883 et
2783 3819 3118 3902 Baptistae

1202 3932 1207 3939 '
1257 3917 1599 3981 Johannis
1648 3918 2088 3998 martyrium
2137 3918 2284 3982 haec
2337 3919 2499 3983 olim
2537 3938 2581 3982 a
2614 3926 2845 3982 monte
2884 3917 3121 3981 Somer

1258 4016 1442 4080 dicta
1498 4023 1603 4079 est
1653 4015 1985 4094 Samaria,
2035 4018 2213 4082 sicut
2265 4025 2335 4080 et
2393 4019 2581 4099 regio
2629 4024 2800 4094 tota,
2850 4035 3004 4098 quae
3051 4024 3124 4079 et

1262 4115 1544 4179 thronus
1581 4114 1708 4178 suit
1745 4135 1978 4197 regum
2011 4115 2253 4180 Israel.
2331 4115 2568 4181 Habet
2592 4116 2799 4179 etiam
2833 4124 2905 4179 et
2938 4115 3124 4179 Nea-

1261 4214 1447 4297 polin
1504 4214 1611 4277 vel
1658 4213 2073 4297 Nicopolim,
2117 4215 2235 4279 ubi
2287 4215 2408 4279 filii
2451 4215 2695 4291 Jacob,
2746 4215 3023 4279 Simeon
3054 4222 3126 4277 et

1263 4313 1457 4388 Levi,
1476 4314 1545 4375 in
1569 4313 1896 4376 ultionem
1921 4314 2356 4397 stupri,quod
2371 4314 2638 4378 Sichem
2656 4313 2838 4377 filius
2853 4314 3128 4377 Emmor

1259 4414 1477 4476 sorori
1507 4432 1740 4475 eorum
1773 4413 1976 4476 Dinae
2015 4413 2364 4490 intulerat,
2409 4414 2630 4496 ipsum
2661 4420 2730 4476 et
2768 4412 2945 4476 filios
2975 4412 3126 4495 ejus

1353 4560 1369 4592 ¹
1395 4562 1537 4611 Ciem
1568 4563 1845 4613 Jordunem.
1873 4563 1895 4626 ]
1946 4563 2188 4625 Compare
2214 4563 2444 4613 Pulcher.
2473 4564 2808 4625 Carnotensis,
2838 4578 2892 4625 p.
2913 4566 3030 4612 4⁰6.
