3457 5887
1202 804 1334 869 342
1705 818 1973 867 nocam
2019 818 2114 865 os
2159 818 2571 867 wuuoovsa

1333 1051 1430 1115 De
1445 1050 1690 1138 puella,
1720 1072 1851 1138 quae
1879 1049 2042 1115 beato
2075 1050 2342 1115 G'odrico
2373 1050 2442 1113 in
2458 1049 2951 1135 pereyriuoetione

1942 1146 2344 1215 ministravit.

890 1295 1001 1336 AD.
1023 1293 1135 1333 11⁷⁰.
1309 1274 1651 1341 Godricus
1707 1276 1970 1358 itaque,
2027 1294 2183 1339 cum
2235 1275 2385 1359 jam
2444 1274 2811 1339 navalibus
2874 1274 3077 1340 lucris

890 1346 1110 1436 ὲὶιέοῗξιο.
1211 1375 1502 1440 sedecim
1549 1394 1885 1440 annorum
1926 1383 2196 1458 tempus
2246 1374 2734 1457 compleverat,
2783 1374 3080 1451 divitias,

1211 1495 1386 1559 quas
1433 1475 1677 1540 multis
1736 1475 2087 1539 laboribus
2136 1481 2700 1557 congregaverat,
2757 1474 2835 1537 in
2892 1477 3082 1539 obse·

1211 1576 1390 1658 qniis
1428 1574 1681 1640 divinis
1724 1573 2110 1657 expendere
2152 1574 2594 1657 disponebat3
2647 1574 2924 1656 signum
2954 1575 3082 1637 ita·

1213 1694 1346 1757 que
1384 1674 1674 1739 vivificae
1719 1675 1943 1738 crucis
1991 1673 2546 1756 Hierosolymam
2583 1675 2927 1756 petiturus
2965 1684 3080 1736 ac'-

1212 1776 1395 1857 cepit
1472 1781 1545 1839 et
1624 1774 2063 1838 Dominicum
2141 1772 2574 1856 sepulchrum
2649 1773 3078 1838 devotissime

1214 1874 1547 1951 visitavit,
1589 1880 1660 1937 et
1699 1873 1858 1937 inde
1903 1893 2028 1956 per
2080 1880 2393 1937 sanctum
2431 1872 2478 1937 J
2483 1874 2775 1937 aoobum
2820 1874 2890 1936 in
2932 1873 3074 1937 An-

1215 1973 1426 2055 gliam
1463 1973 1810 2037 remeavit.
1915 1972 2056 2052 Qui
2097 1974 2343 2037 iterum
2389 1981 2549 2055 post
2590 1973 2873 2055 aliquod
2911 1980 3075 2036 tem-

1215 2073 1401 2155 poris
1454 2073 1756 2155 spatium
1813 2073 1929 2155 pia
1982 2073 2347 2137 devotione
2399 2072 2964 2148 succendebatur,
3007 2081 3082 2135 ut

1212 2172 1684 2255 apostolorum
1761 2171 1999 2236 limina
2079 2172 2410 2247 visitaret,
2501 2179 2576 2236 et
2663 2172 3080 2255 propositum

1218 2292 1414 2336 suum
1461 2271 1857 2355 parentibus
1897 2271 2270 2351 indicavit3
2334 2279 2556 2337 mater
2593 2290 2760 2337 vero
2811 2292 2965 2336 cum
3014 2288 3084 2335 se

1216 2372 1479 2436 itineris
1538 2371 1854 2436 comitem
1912 2371 2214 2439 futuram
2279 2378 2630 2449 assereret,
2696 2373 2760 2435 si
2820 2372 3084 2447 liceret,

1218 2471 1401 2535 filius
1468 2477 1826 2552 gratanter
1898 2472 2164 2548 annuit,
2231 2477 2301 2535 et
2365 2471 2667 2552 genitrici
2728 2469 3083 2534 humiliter

1216 2570 1598 2652 obsequens
1659 2569 1958 2636 humeris
2008 2590 2159 2634 eam
2213 2571 2553 2653 portabat,
2595 2570 2910 2653 quotiens
2961 2588 3078 2633 as-

1216 2669 1474 2751 peritas
1521 2668 1590 2732 id
1633 2669 1899 2734 itineris
1938 2670 2284 2752 exigebat.
2388 2670 2539 2734 Illis
2577 2677 2802 2734 autem
2841 2670 3081 2733 urbem

1221 2768 1801 2833 Londoniensium
1886 2769 2392 2852 praetergressis
2477 2770 2766 2835 accessit
2858 2770 3084 2832 subito

1220 2868 1461 2933 mulier
1513 2868 1826 2952 quaedam
1882 2869 2117 2952 magui
2157 2869 2447 2948 decoris,
2508 2878 2582 2934 et
2633 2869 2842 2955 hujus
2897 2888 3083 2952 pere·-

1220 2969 1624 3050 grinationis
1678 2969 1994 3035 comitem
2044 2969 2189 3034 fieri
2248 2969 2599 3035 humiliter
2652 2970 3084 3053 supplicavit,

1220 3069 1402 3150 quod
1444 3069 1545 3132 illi
1597 3068 1919 3133 alacriter
1977 3077 2402 3149 annuerunt3
2466 3078 2618 3135 erat
2667 3069 2945 3152 quidem
2998 3070 3085 3133 eis

1219 3187 1446 3233 comes
1491 3167 1844 3232 individua
1902 3176 1973 3232 et
2021 3169 2094 3232 in
2135 3189 2370 3234 eorum
2419 3171 2767 3252 obsequiis
2807 3169 3085 3251 diligens

1215 3275 1295 3331 et
1330 3267 1603 3345 devota,
1644 3286 1804 3330 nam
1837 3267 2046 3350 pedes
2079 3288 2313 3333 eorum
2354 3269 2660 3347 lavabat,
2698 3269 2944 3333 oscula
2979 3289 3085 3352 pe-

1221 3365 1421 3431 dibus
1474 3367 1928 3449 imprimebat,
1974 3375 2045 3432 et
2091 3368 2247 3431 aliis
2291 3369 2556 3434 cunctis
2605 3370 3085 3451 obsequentior

1221 3465 1624 3531 habebatur.
1725 3466 1843 3531 Ita
1877 3485 2004 3550 per
2036 3473 2256 3532 totum
2293 3467 2426 3532 iter
2459 3467 2534 3532 in
2571 3469 2800 3533 eundo
2835 3476 2908 3532 et
2938 3468 3083 3532 red—

1222 3564 1449 3630 eundo
1509 3585 1587 3630 se
1642 3567 1948 3647 gerebat,
2017 3586 2143 3631 nec
2215 3568 2301 3631 ab
2369 3568 2604 3651 aliquo
2664 3569 3082 3650 interrogata

1218 3665 1353 3728 fuit
1393 3684 1549 3746 quae
1591 3673 1776 3730 esset
1818 3666 1928 3730 vel
1972 3667 2177 3745 unde,
2226 3686 2353 3731 nec
2395 3667 2517 3731 illa
2562 3667 2631 3731 id
2688 3669 2908 3751 ipsum
2960 3667 3086 3730 ali-

1223 3763 1497 3846 quando
1525 3764 1914 3845 indicabat;
1952 3785 2114 3831 vcum
2154 3776 2383 3831 autem
2423 3768 2880 3850 repatriantes
2907 3766 3089 3831 Lon·

1218 3864 1463 3927 donias
1537 3865 2208 3949 appropinquabant,
2280 3868 2675 3950 impetravit
2742 3868 3089 3932 licentiam

1221 3961 1603 4040 recedendi,
1652 3970 1722 4027 et
1776 3965 1850 4028 in
1901 3985 2027 4031 suo
2073 3985 2346 4030 recessu
2399 3965 2547 4031 haec
2596 3967 2814 4031 verba
2868 3967 3088 4044 dixin

1221 4067 1242 4096 ‘
1266 4062 1570 4145 Tempus
1590 4070 1697 4128 est
1714 4072 1794 4129 ut
1823 4065 1989 4130 illuc
2014 4066 2310 4144 redeam,
2339 4065 2521 4130 unde
2561 4085 2716 4129 sum
2745 4067 3089 4149 digressa3

1222 4181 1349 4228 vos
1378 4169 1606 4226 autem
1639 4163 2014 4229 benedicite
2048 4166 2297 4243 Deum,
2341 4167 2461 4248 qui
2501 4175 2859 4248 sperantes
2897 4166 2969 4229 in
3015 4185 3096 4228 se

1225 4282 1360 4326 non
1387 4262 1662 4340 deserit,
1699 4263 1990 4328 scientes
2025 4267 2347 4348 quoniam
2381 4266 2550 4330 illud
2582 4268 2877 4342 eveniet,
2906 4265 3097 4347 quod

1229 4362 1470 4426 Romae
1519 4362 1607 4425 ab
1657 4363 1986 4444 apostolis
2035 4365 2485 4448 postulastis.’
2585 4363 2796 4430 Hanc
2861 4374 3097 4429 autem

1224 4462 1572 4526 mulierem
1617 4461 1701 4524 de
1744 4463 2073 4528 comitatu
2123 4484 2322 4529 nemo
2356 4465 2529 4528 vidit
2576 4465 2708 4528 nisi
2748 4463 3101 4530 Godricus

1222 4568 1292 4624 et
1324 4569 1542 4625 mater
1573 4560 1746 4644 ejus,
2521 4560 2539 4575 “
