3457 5887
1227 773 1357 839 332
1725 787 1993 836 uocum
2041 787 2135 834 ns
2181 786 2585 835 wannovssn

904 961 1151 1051 Ι,ιιιὲιιίἑῐιιιιιι
1228 968 1454 1031 neque,
1481 947 1829 1012 dominum
1875 966 2127 1029 papam
2171 965 2393 1028 neque
2437 966 2564 1010 nos
2606 946 2678 1009 in
2721 949 2926 1013 verbo
2977 969 3102 1014 sa·

903 1061 1160 1154 griffi&
1225 1047 1389 1112 lutis
1431 1055 1682 1112 vestrae
1716 1046 2029 1112 voluistis
2074 1046 2332 1124 audire,
2376 1046 2496 1109 sed
2541 1045 2896 1112 obduratio
2938 1068 3106 1111 ves-

1224 1155 1335 1211 tra
1394 1166 1663 1230 semper
1713 1147 1786 1209 in
1843 1146 2181 1210 deteriora
2227 1146 2558 1222 excrevit,
2611 1165 2762 1223 vos,
2809 1156 3105 1229 urgente

1223 1247 1630 1311 necessitate
1660 1244 1863 1310 officii
1896 1252 1967 1308 et
1999 1245 2266 1309 ratione
2298 1245 2479 1327 juris
2513 1244 2584 1309 id
2615 1246 3101 1326 persuadente,

1222 1364 1312 1409 ex
1350 1346 1563 1430 justis
1605 1352 1676 1409 et
1724 1343 2106 1409 manifestis
2151 1344 2375 1407 causis
2426 1344 2890 1409 anathematis
2942 1366 3096 1410 sen-

1218 1446 1439 1510 tentia
1472 1444 1941 1528 percellentes,
1974 1443 2740 1521 excommunicavimus,
2768 1453 2844 1508 et
2870 1464 2915 1509 a
2947 1465 3094 1509 cor·

1215 1563 1381 1626 pore
1425 1543 1706 1621 Christi,
1753 1544 1937 1626 quod
1984 1551 2091 1607 est
2140 1526 2449 1619 ecclesia,
2492 1542 2714 1607 donec
2754 1544 3090 1626 condigne

1216 1643 1684 1720 satisfaciatis,
1728 1641 2237 1726 amputavimus
2265 1663 2283 1721 ;
2327 1641 2763 1724 praecipimus
2806 1663 2970 1724 ergo
3011 1644 3086 1707 in

1216 1743 1472 1807 virtute
1514 1742 1918 1806 obedieutiae
1961 1749 2031 1805 et
2071 1742 2145 1804 in
2187 1741 2490 1824 periculo
2547 1742 2810 1818 salutis,
2851 1744 3080 1824 digni·

1215 1843 1380 1907 tatis
1424 1850 1495 1906 et
1534 1841 1818 1920 ordinis,
1857 1847 2223 1924 quatenuS,
2266 1848 2475 1923 prout
2515 1840 2819 1905 ecclesiae
2860 1842 3079 1908 forma

1212 1941 1617 2024 praescribit,
1644 1941 1732 2005 ab
1766 1942 2065 2005 omnium
2101 1941 2586 2004 communione.
2601 1940 2896 2005 fidelium
2926 1943 3075 2006 abs-

1214 2041 1514 2118 tineatis,
1562 2060 1648 2104 ue
1682 2047 1917 2106 vestra
1960 2039 2395 2123 participatio
2442 2038 2882 2104 Dominicum
2928 2062 3078 2124 gre·

1214 2159 1369 2221 gem
1412 2140 1830 2204 contaminet
1866 2139 1952 2204 ad
2003 2139 2291 2216 ruinam,
2336 2139 2453 2220 qui
2494 2146 2733 2204 vestra
2774 2139 3078 2206 doctrina

1211 2239 1618 2303 erudiendus
1662 2246 1733 2303 et
1775 2238 2108 2321 exemplis
2152 2236 2624 2302 reformandus
2667 2247 2822 2303 erat
2863 2240 2952 2303 ad
2985 2242 3074 2305 vi·

1208 2339 1399 2402 tam.’
1508 2338 1889 2422 Episcopus
1932 2357 2095 2402 vero
2141 2337 2653 2415 Londoniensis,
2708 2338 2875 2403 licet
2916 2347 3074 2422 post

1206 2437 1735 2521 appellationem
1797 2437 2137 2501 sententia
2190 2437 2263 2500 in
2321 2437 2536 2519 ipsum
2592 2436 2738 2500 lata
2794 2437 3071 2515 fuisset,

1202 2536 1598 2601 mandatum
1648 2535 2140 2619 archiepiscopi
2189 2535 2526 2599 humiliter
2566 2536 2913 2618 perferens
2972 2539 3069 2602 ab

1200 2635 1513 2717 ingressu
1532 2635 1838 2700 ecclesiae
1856 2634 2189 2698 abstinuit
2210 2635 2574 2717 patienter3
2607 2634 3064 2718 archiepisco-

1196 2753 1327 2816 pus
1370 2754 1533 2799 vero
1575 2735 1835 2799 decano
1877 2742 1948 2798 et
1988 2734 2171 2798 clero
2212 2733 2701 2798 Londoniensis
2748 2734 3063 2799 ecclesiae

1197 2832 1433 2898 literas
1485 2833 1787 2915 dirigens
1839 2833 2162 2916 praecepit
2211 2834 2284 2896 in
2337 2834 2592 2897 virtute
2639 2834 3067 2912 obedientiae,

1196 2939 1274 2997 ut
1316 2953 1361 2998 a
1411 2933 1882 2998 communione
1929 2933 2037 2997 sui
2092 2932 2396 3016 episcopi
2451 2932 2728 3015 penitus
2771 2935 3067 2998 abstine-

1197 3040 1369 3097 rent.
1472 3032 1730 3097 Eodem
1775 3051 1957 3097 anno
1998 3030 2305 3109 Alienor,
2350 3032 2495 3096 filia
2544 3034 2730 3115 regis
2763 3032 3062 3117 Angliae,

1198 3132 1431 3216 nupsit
1460 3131 1860 3209 Aldefonso,
1896 3132 2040 3213 regi
2077 3130 2423 3196 Castellae.

1187 3306 1415 3371 Literae
1450 3306 1609 3393 royis
1637 3305 1730 3371 ad
1764 3303 2152 3385 Gilebortwn,
2180 3307 2521 3394 episcopum
2551 3307 3050 3386 Londonienm.

865 3444 956 3484 ‘rue
972 3444 1076 3494 hinc
1287 3430 1426 3495 Per
1464 3431 1642 3495 idem
1689 3439 1981 3514 tempus,
2010 3450 2163 3495 cum
2203 3452 2434 3496 rumor
2472 3432 2557 3496 de
2600 3434 3059 3498 excommuni-

862 3494 1159 3585 3323?
1184 3531 1455 3595 catione
1479 3530 1837 3608 Gileberti‚
1858 3530 2353 3594 Londoniensis
2387 3531 2714 3615 episcopi,
2743 3531 2832 3595 ad
2859 3552 3053 3595 aures

1180 3629 1362 3709 regis
1406 3628 1813 3712 Anglorum‚
1857 3630 2091 3694 eodem
2122 3632 2442 3713 episcopo
2489 3625 2619 3695 ¹illi
2662 3631 3048 3713 significan-

1179 3732 1270 3802 te,
1302 3729 1746 3810 pervenisset,
1779 3729 2054 3811 scripsit
2082 3729 2145 3792 ei
2182 3729 2417 3794 literas
2448 3730 2947 3796 consolatorias
2978 3731 3050 3793 in

1177 3824 1323 3889 haec
1345 3826 1555 3890 verba
1575 3847 1594 3906 ;
1626 3821 1683 3861 ²‘
1699 3826 1958 3892 Audivi
1985 3847 2381 3910 gravamen,
2403 3831 2585 3911 quod
2607 3830 2726 3893 ille
2747 3829 3050 3895 Thomas

1172 3924 1479 4007 proditor
1525 3932 1597 3989 et
1651 3925 2084 3991 adversarius
2120 3947 2311 3992 meus
2355 3929 2586 3993 intulit
2627 3929 2700 3992 in
2751 3935 2823 3992 te
2864 3936 2936 3993 et
2978 3929 3047 3992 in

1172 4023 1343 4088 alias
1387 4043 1712 4106 personas
1755 4027 1950 4108 regni
1988 4027 2145 4104 mei,
2177 4027 2357 4110 quod
2405 4048 2543 4092 non
2586 4029 2815 4091 minus
2861 4048 3044 4108 aegre

1235 4248 1359 4301 'lui
1399 4251 1724 4316 significante.
1761 4251 1785 4315 ]
1848 4251 1933 4300 He
1973 4250 2075 4300 had
2123 4252 2182 4300 ot'
2222 4251 2446 4309 Becketg
2487 4251 2576 4301 lib.
2611 4252 2689 4300 iii.
2729 4266 2810 4312 ep.
2847 4248 2968 4298 xlvi.

1165 4322 1361 4372 written
1394 4326 1445 4371 to
1486 4321 1570 4371 the
1615 4322 1739 4384 king
1775 4326 1827 4370 to
1860 4335 1951 4370 use
1993 4321 2074 4370 his
2192 4317 2410 4370 'Audivi
2428 4320 2731 4383 grauem]
2764 4320 2900 4368 Inter
2919 4332 3035 4380 epp.

1164 4394 1406 4442 influence
1439 4391 1563 4440 with
1605 4391 1689 4440 the
1735 4406 1864 4454 pope
1902 4392 1954 4439 in
1991 4390 2072 4440 his
2120 4390 2213 4439 lib.
2246 4392 2321 4442 iii.
2363 4405 2446 4451 ep.
2491 4391 2655 4452 xlvii„
2694 4390 2866 4438 where
2908 4388 2948 4437 it
2989 4389 3033 4436 is

1164 4463 1349 4525 behulf,
1364 4463 1471 4511 that
1492 4461 1554 4510 he
1576 4461 1736 4522 might
1756 4462 1817 4510 be
1840 4459 1995 4509 heard
2017 4461 2068 4508 in
2118 4459 2270 4508 dated
2313 4461 2330 4488 ‘
2355 4460 2494 4523 apud
2538 4461 2591 4512 S.
2642 4460 2927 4510 Maeuium
2979 4458 3027 4506 in

1160 4531 1242 4582 his
1272 4532 1453 4596 appeal
1486 4533 1684 4594 against
1716 4531 1801 4581 the
1837 4535 2067 4581 sentence
2116 4525 2437 4581 Gmcum’
