3457 5887
1175 797 1305 864 260
1666 813 1932 861 nocem
1988 812 2080 861 os
2124 812 2540 862 wssnoovssn

859 984 1160 1084 ᾗξὲῃῑέξὲίὴο
1183 973 1387 1037 simul
1429 972 1704 1056 peribis.
1811 973 1984 1036 Mox
2027 973 2210 1037 euim
2253 980 2333 1036 ut
2374 972 2552 1037 hanc
2596 971 2869 1036 domum
2900 971 3048 1036 fue-

857 1090 1082 1175 gw
1101 1085 1151 1125 or
1186 1075 1396 1138 rimus
1455 1072 1740 1155 egressi,
1790 1072 2223 1136 multitudine
2270 1072 2647 1155 replebitur
2693 1070 3053 1154 spirituum

1064 1163 1077 1175 ”
1185 1174 1712 1249 immundorum,
1745 1173 1865 1255 qui
1907 1172 2031 1235 tibi
2075 1172 2316 1255 gravia
2359 1171 2727 1236 inferentes
2757 1179 3054 1235 tormen-

1184 1281 1259 1337 ta
1323 1274 1762 1337 minabuntur
1804 1270 2054 1336 inferre
2102 1272 2424 1353 graviora
2459 1291 2479 1351 3
2539 1271 2946 1353 promittent
2987 1278 3052 1334 te

1185 1372 1511 1436 ducturos
1555 1372 1643 1436 ad
1691 1379 1960 1455 portam
1994 1390 2134 1454 qua
2181 1371 2482 1447 intrasti,
2526 1371 2588 1434 si
2634 1379 2702 1435 te
2747 1371 3054 1453 decipere

1183 1471 1474 1554 possint,
1507 1479 1586 1536 ut
1624 1471 2013 1548 revertaris,
2050 1469 2174 1534 sed
2215 1471 2277 1534 si
2311 1476 2806 1535 tormentorum
2845 1470 3054 1535 affiic-

1185 1572 1372 1635 tione
1406 1573 1655 1649 victus,
1687 1571 1802 1634 vel
1844 1571 2049 1636 minis
2086 1570 2390 1647 territus,
2445 1589 2566 1634 seu
2610 1570 3056 1653 promissione

1185 1670 1511 1754 deceptus
1574 1689 1935 1735 assensum
1994 1670 2094 1733 eis
2157 1670 2556 1752 praebueris,
2632 1670 2705 1733 in
2776 1690 3056 1753 corpore

1184 1771 1441 1853 pariter
1506 1777 1576 1835 et
1619 1771 1850 1834 anima
1897 1769 2199 1852 peribis;
2243 1770 2303 1834 si
2351 1788 2518 1834 vero
2562 1769 2762 1834 fortis
2805 1771 2876 1833 in
2925 1770 3056 1835 fide

1185 1890 1377 1953 spem
1410 1878 1627 1935 totam
1668 1871 1746 1934 in
1782 1870 2079 1934 Domino
2123 1869 2458 1952 posueriS,
2486 1876 2566 1933 ut
2612 1888 2737 1933 nec
2767 1876 3055 1933 tormen-

1182 1971 1301 2047 tis,
1335 1990 1460 2035 nec
1498 1971 1726 2047 minis,
1763 1989 1887 2034 nec
1917 1969 2479 2052 promissionibus
2514 1987 2753 2032 eorum
2782 1969 3052 2052 adquie-

1186 2070 1394 2146 veris,
1428 2070 1548 2134 sed
1578 2069 1784 2134 corde
1813 2069 2085 2152 integro
2115 2088 2232 2133 eos
2254 2070 2773 2150 contempseris,
2800 2071 2888 2133 ab
2911 2089 3054 2133 om-

1188 2168 1391 2233 nibus
1445 2170 1848 2253 purgaberis
1891 2167 2182 2246 delictis,
2224 2176 2295 2233 et
2338 2175 2682 2234 tormenta
2729 2169 3058 2234 malorum

1187 2269 1450 2333 videbis
1495 2276 1567 2333 et
1608 2269 1910 2351 requiem
1955 2268 2266 2333 similiter
2306 2269 2681 2348 bonorum;
2727 2277 2799 2334 et
2842 2271 3061 2353 quoti-

1188 2388 1535 2450 escunque
1578 2376 1647 2432 te
1698 2369 2181 2446 cruciaverint,
2217 2368 2467 2432 invoca
2510 2369 2885 2432 Dominum
2938 2368 2990 2433 J
2993 2389 3061 2433 e-

1188 2488 1339 2532 sum
1386 2467 1760 2545 Christum,
1793 2476 1864 2532 et
1892 2487 2016 2552 per
2046 2468 2548 2535 invocationem
2590 2467 2792 2552 hujus
2832 2469 3062 2533 nomi-

1187 2566 1294 2630 nis
1345 2568 1579 2631 statim
1623 2568 2023 2632 liberaberis
2063 2587 2107 2631 a
2150 2587 2551 2651 quocunque
2592 2574 2932 2633 tormento
2978 2570 3055 2632 in

1186 2685 1323 2749 quo
1367 2667 1525 2731 eris.
1627 2667 1890 2731 Tecum
1931 2666 2044 2732 hic
2088 2669 2385 2750 amplius
2428 2686 2569 2732 esse
2612 2686 2746 2750 non
2798 2687 3053 2751 possu-

1184 2784 1360 2844 mus,
1392 2766 1511 2830 sed
1548 2767 1700 2832 Deo
1730 2774 1800 2832 te
1830 2768 2283 2850 omnipotenti
2309 2767 2900 2832 commendamus!

1385 2940 1562 3022 Quod
1585 2940 1872 3007 dmum
1897 2940 2156 3007 militem
2180 2943 2460 3029 yravitor
2486 2943 2860 3028 afflixerunt.

1306 3064 1514 3131 Miles
1572 3066 1807 3150 itaque
1865 3086 1909 3131 a
1960 3068 2126 3131 viris
2177 3068 2364 3132 solus
2414 3067 2696 3133 relictus
2755 3068 2847 3132 ad
2901 3070 3063 3134 novi

1183 3166 1453 3247 generis
1513 3166 1829 3232 militiam
1875 3175 1982 3231 est
2029 3168 2451 3247 instructus3
2510 3186 2806 3251 cumque
2845 3169 3059 3233 intre-

1182 3265 1386 3347 pidus
1417 3285 1719 3349 pugnam
1752 3266 2136 3331 daemonum
2170 3274 2629 3350 exspectaret,
2657 3268 2892 3333 subito
2923 3288 3053 3333 οω-

1182 3364 1286 3446 pit
1340 3365 1523 3429 circa
1564 3365 1841 3431 domum
1905 3367 2242 3432 tumultus
2290 3368 2533 3445 audiri,
2585 3387 2671 3432 ac
2712 3367 2775 3431 si
2822 3387 3054 3432 omnes

1182 3463 1515 3543 homines,
1548 3465 1666 3549 qui
1709 3465 1782 3528 in
1822 3467 2073 3531 mundo
2116 3473 2302 3542 sunt,
2343 3486 2498 3531 cum
2531 3467 2943 3532 animalibus
2974 3487 3054 3532 ac

1184 3564 1420 3627 bestiis
1467 3565 1944 3647 strepuissent,
1988 3573 2059 3629 et
2085 3573 2246 3649 post
2273 3566 2622 3631 horridum
2655 3587 2902 3632 sonum
2946 3587 3054 3632 se-

1186 3662 1422 3744 quitur
1474 3663 1843 3727 terribilior
1885 3665 2077 3730 visus
2129 3666 2562 3747 daemonum;
2608 3668 2824 3751 coepit
2869 3668 3051 3731 enim

1184 3760 1486 3843 undique
1537 3761 1925 3827 daemonum
1969 3765 2370 3830 deformium
2421 3768 2781 3831 innumera
2826 3768 3058 3834 multi-

1184 3858 1351 3923 tudo
1373 3860 1448 3923 in
1487 3859 1717 3923 aulam
1749 3862 2007 3929 irruere
2051 3873 2123 3929 et
2157 3866 2441 3931 militem
2468 3866 2838 3931 deridendo
2867 3867 3056 3932 salu-

1185 3965 1364 4039 tare;
1388 3958 1556 4023 ‘Alii
1578 3959 1929 4041 homines:
1945 3964 2290 4048 inquiunt,
2314 3971 2335 4001 ‘
2355 3968 2474 4050 qui
2503 3968 2696 4031 nobis
2714 3968 3052 4046 serviunt,

1183 4078 1320 4122 non
1352 4059 1486 4123 nisi
1511 4067 1672 4142 post
1693 4070 1982 4127 mortem
2015 4064 2102 4128 ad
2133 4084 2260 4129 nos
2290 4067 2599 4144 veniunt,
2627 4066 2747 4131 sed
2783 4074 2861 4131 tu
2892 4087 3052 4131 nos-

1183 4164 1362 4221 tram
1401 4159 1825 4239 societatem‚
1867 4164 1978 4227 cui
2015 4165 2319 4230 studiose
2362 4165 2745 4244 deservisti,
2786 4167 2858 4230 in
2903 4176 3050 4231 tan-

1183 4264 1328 4320 tum
1349 4257 1686 4324 honorare
1711 4261 2079 4340 desideras,
2098 4265 2280 4346 quod
2305 4265 2543 4330 vivens
2575 4284 2827 4349 corpus
2857 4274 3047 4330 tuum

1180 4356 1489 4424 decernis
1541 4368 1612 4424 et
1665 4361 1961 4427 animam
2020 4365 2537 4444 commendare;
2601 4365 2733 4429 huc
2776 4366 3050 4444 venisti,

1179 4465 1256 4520 ut
1306 4477 1430 4540 pro
1469 4460 1772 4541 peccatis
1817 4462 1954 4526 tuis
2000 4460 2342 4528 tormenta
2379 4466 2752 4529 sustineres
2783 4468 2814 4529 'l
2899 4464 3050 4529 Ha-

1176 4558 1365 4621 bebis
1392 4560 1743 4625 nobiscum
1765 4581 2121 4644 pressuras
2145 4570 2217 4628 et
2233 4563 2501 4629 dolores
2522 4585 2539 4646 3
2576 4572 3049 4645 veruntamen,
