3457 5887
1084 842 1216 908 438
1587 852 1856 902 nocam
1904 853 1995 901 nn
2040 851 2452 901 wmmovua

770 1037 883 1079 nn.
902 1036 1013 1077 neo.
1088 1032 1357 1081 cessum
1397 1028 1647 1093 suum3
1695 1011 1897 1096 petiit
1939 1010 2249 1094 insuper,
2288 1017 2369 1075 ut
2397 1008 2749 1075 Iohannes
2774 1010 2974 1076 filius

1091 1115 1243 1200 ejus
1290 1132 1556 1179 crucem
1606 1111 1985 1195 susciperet
2025 1110 2584 1195 Hierosolymam
2628 1110 2972 1193 prosectu-

1091 1232 1239 1293 rus,
1287 1232 1449 1278 nam
1500 1211 1890 1277 Richardus
1945 1210 2160 1274 frater
2204 1209 2354 1294 ejus
2408 1209 2545 1274 iter
2599 1208 2766 1273 illud
2807 1211 2971 1274 nul·

1092 1314 1367 1379 latenus
1414 1312 1564 1377 sine
1604 1312 1759 1394 ipso
1810 1308 2187 1393 arriperet3
2249 1308 2393 1386 sed,
2440 1309 2610 1392 quia
2658 1327 2784 1373 rex
2823 1308 2979 1375 An-

1097 1414 1261 1497 gliae
1298 1412 1456 1477 huic
1487 1410 1803 1495 petitioni
1831 1427 2189 1475 assensum
2220 1409 2527 1491 praebere
2555 1408 2808 1485 noluit,
2837 1408 2983 1472 dis-

1097 1512 1336 1577 cordes
1386 1513 1477 1576 ab
1527 1510 1820 1575 invicem
1867 1515 2316 1574 recesserunt.
2420 1507 2507 1572 In
2563 1508 2696 1572 hoc
2741 1516 2981 1573 autem

1096 1610 1439 1694 colloquio
1486 1608 1857 1674 cardinalis
1902 1608 2233 1691 praefatus
2277 1614 2672 1673 constanter
2704 1626 2976 1672 assere-

1095 1711 1238 1788 bat,
1270 1710 1478 1794 quod,
1507 1709 1644 1773 nisi
1686 1729 1814 1773 rex
1861 1707 2174 1773 Francia>
2216 1714 2288 1772 et
2317 1726 2547 1772 comes
2584 1706 2975 1771 Richardus

1097 1829 1256 1874 cum
1326 1827 1491 1891 rege
1552 1806 1939 1890 Anglorum
1990 1808 2080 1872 ad
2140 1806 2415 1890 plenum
2469 1794 2973 1891 componerent,

1100 1926 1339 1973 omnes
1382 1915 1607 1972 terras
1649 1924 1884 1972 eorum
1926 1909 2057 1972 sub
2101 1907 2465 1972 interdicto
2519 1906 2975 1971 concluderet.

1105 2007 1240 2072 Cui
1284 2025 1410 2071 rex
1442 2006 1863 2072 Francorum
1910 2006 2287 2092 respondit,
2329 2025 2406 2070 se
2443 2007 2665 2089 ipsius
2712 2014 2988 2069 senten-

1105 2108 1275 2171 tiam
1314 2125 1449 2170 non
1494 2106 1757 2185 timere,
1805 2124 1959 2170 cum
1991 2106 2185 2171 nulla
2233 2105 2559 2188 aequitate
2606 2106 2985 2185 niteretur3

1107 2204 1369 2270 addidit
1416 2206 1646 2283 etiam,
1686 2206 1775 2270 ad
1823 2206 2181 2270 ecclesiam
2220 2205 2605 2271 Romanam
2644 2224 2784 2269 non
2826 2224 2985 2289 per-

1107 2306 1327 2370 tinere
1396 2306 1470 2369 in
1541 2323 1772 2387 regem
1829 2304 1943 2369 vel
2006 2324 2292 2389 reg-num
2369 2305 2795 2370 Francorum
2864 2323 2992 2387 per

1107 2405 1519 2469 sententiam
1561 2405 2125 2483 animadvertere,
2174 2406 2236 2469 si
2283 2423 2410 2469 rex
2446 2405 2869 2469 Francorum
2917 2404 2992 2467 in

1107 2503 1417 2569 homines
1466 2522 1631 2569 suos
1687 2504 2055 2569 demeritos
2116 2511 2188 2569 et
2235 2523 2451 2587 regno
2503 2523 2631 2569 suo
2694 2503 2992 2568 rebelles

1108 2603 1205 2687 inj
1213 2603 1397 2667 urias
1475 2622 1640 2669 suas
1720 2602 2093 2668 ulciscendi
2162 2622 2377 2668 causa
2452 2604 2786 2686 insurgit;
2854 2602 2989 2667 ad·

1099 2701 1342 2786 junxit
1362 2702 1707 2786 -insuper,
1765 2703 1949 2786 quod
2017 2703 2385 2768 cardinalis
2450 2703 2990 2787 praenominatus

1100 2801 1251 2885 jam
1311 2801 1680 2885 sterling-os
1738 2802 1923 2885 regis
1974 2800 2250 2886 Angliae
2294 2801 2645 2879 olfecerat,
2684 2801 2865 2866 unde
2903 2802 2991 2866 il-

1111 2899 1256 2965 lum
1285 2899 1589 2986 judicem
1627 2909 2024 2987 suspectum
2054 2896 2407 2968 ¹habebat.
2475 2901 2997 2986 Archiepiscopi

1111 3019 1279 3066 vero
1329 3000 1582 3085 aliique
1622 3010 2006 3085 magnates,
2047 3002 2156 3067 his
2205 3002 2486 3082 auditis,
2528 3004 2678 3085 regi
2718 3001 2993 3084 Anglo-

1112 3119 1268 3163 rum
1308 3099 1644 3166 dederunt
1687 3102 2070 3180 consilium,
2103 3109 2186 3167 ut
2230 3101 2679 3186 petitionibus
2711 3100 2837 3165 filii
2883 3101 2996 3166 sui

1113 3200 1454 3283 praeberet
1486 3219 1888 3282 assensum3
1933 3202 2217 3284 dignum
2258 3202 2439 3267 enim
2482 3222 2635 3267 esse
2673 3200 2997 3265 dicebant

1116 3304 1197 3362 ut
1247 3296 1390 3363 filio
1440 3318 1567 3363 suo
1627 3306 1699 3364 et
1753 3299 2010 3365 haeredi
2061 3299 2394 3383 legitimo,
2459 3300 2799 3383 militique
2851 3307 2999 3364 tam

1117 3404 1423 3475 strenuo,
1467 3399 1769 3483 aliquam
1812 3400 2251 3465 securitatem
2282 3401 2536 3466 faceret
2575 3400 2661 3465 de
2708 3399 3002 3464 haeredi-

1120 3504 1265 3562 tate
1298 3516 1427 3562 sua
1456 3496 1772 3563 habenda
1797 3499 1860 3563 si
1895 3500 2122 3583 ipsum
2156 3501 2696 3584 supervixisset3
2747 3499 3002 3582 quibus

1119 3597 1476 3680 respondit
1530 3616 1682 3676 rex,
1737 3617 1812 3662 se
1863 3599 2259 3664 nullatenus
2315 3598 2443 3665 hoc
2498 3600 2573 3664 in
2628 3599 2757 3665 tali
2808 3605 2999 3663 statu

1120 3695 1487 3774 facturum,
1522 3699 1849 3779 quoniam
1877 3698 1948 3762 id
1982 3706 2264 3764 coactus
2293 3700 2525 3782 potius
2556 3719 2763 3784 quam
2788 3717 2999 3781 spon-

1120 3801 1367 3859 taneus
1400 3796 1626 3861 facere
1653 3797 2023 3863 videretur.
2108 3797 2356 3863 Comes
2384 3819 2550 3865 vero
2583 3798 2991 3874 Richardus,

1120 3910 1277 3956 cum
1322 3894 1493 3957 talia
1540 3898 2007 3978 cognovisset,
2048 3891 2072 3930 ²
2094 3896 2484 3963 videntibus
2533 3900 2807 3974 cunctis,
2857 3896 2994 3961 ho-

1121 3991 1420 4072 magium
1452 3992 1617 4058 fecit
1651 3996 1801 4076 regi
1840 3995 2261 4063 Francorum
2299 3997 2385 4062 de
2418 4006 2569 4064 toto
2614 4004 2997 4064 tenemento

1122 4091 1340 4173 patris
1372 4092 1503 4170 sui,
1547 4093 1735 4175 quod
1778 4094 1869 4158 ad
1913 4114 2201 4179 regnum
2233 4097 2548 4163 Franciae
2593 4097 3003 4182 pertinebat,

1195 4335 1471 4389 ¹Ha1nbat.
1503 4338 1528 4403 ]
1583 4339 1833 4391 Mattbew
1886 4343 2038 4394 Paris
2086 4345 2174 4408 ing
2204 4361 2341 4409 upon
2369 4346 2456 4397 tbe
2487 4347 2718 4397 cardinal
2752 4345 2920 4396 :word
2948 4347 3004 4395 iu

1126 4406 1274 4469 adds,
1286 4407 1397 4458 that
1415 4408 1500 4457 the
1516 4409 1739 4461 violence
1747 4410 2036 4463 ofRichard
2085 4413 2240 4466 band.

1124 4492 1189 4526 on
1233 4476 1335 4526 this
1370 4480 1601 4528 occasion
1638 4494 1749 4530 was
1780 4496 1837 4531 so
1875 4488 2035 4547 great,
2154 4482 2481 4534 'Videatibas
2521 4484 2789 4549 encta]
2841 4484 3005 4535 ‘Dia-

1122 4546 1232 4595 that
1266 4546 1329 4595 be
1361 4562 1471 4597 was
1502 4548 1626 4599 with
1654 4550 1899 4615 difficulty
1921 4568 2035 4614 pre-
2081 4555 2275 4604 cinctus
2310 4555 2499 4617 gladio,
2543 4556 2777 4605 adstante
2814 4562 2957 4618 patre
2969 4550 3006 4616 ς’

1043 4661 1046 4664 Α
1129 4617 1303 4665 veuted
1318 4617 1385 4678 by
1402 4618 1543 4668 those
1565 4627 1766 4680 present
1782 4621 1903 4672 from
1919 4623 2030 4673 fall·
2080 4623 2293 4675 Gervas.
2316 4625 2411 4674 col.
2439 4628 2582 4674 15³⁷.
