3457 5887
1248 863 1379 928 198
1749 879 2014 928 nocam
2060 879 2154 926 nn
2197 877 2608 927 wannovssn

932 1052 1042 1094 an.
1065 1051 1176 1092 1119.
1251 1034 1511 1119 aliquid
1563 1036 1654 1099 sit
1705 1054 2039 1120 personoe,
2075 1034 2146 1098 id
2189 1042 2317 1112 est,
2372 1034 2606 1110 Pater,
2655 1039 2726 1097 et
2771 1030 3008 1109 Filius,
3041 1040 3123 1097 et

946 3754 1149 3794 Baubo!

949 3804 1173 3845 Brenville.

1253 1135 1550 1219 Spiritus
1609 1134 1949 1216 Sanctus3
2010 1136 2183 1217 ipsae
2230 1153 2394 1198 vero
2438 1142 2578 1198 tres
2625 1150 2938 1217 personae
2982 1132 3124 1196 tria

1254 1242 1420 1299 sunt
1463 1233 1844 1298 differentia
1895 1242 1967 1298 et
2020 1252 2325 1311 numero,
2381 1253 2464 1298 ac
2513 1234 2576 1298 si
2620 1240 2764 1297 tres
2812 1231 3123 1295 homines

1253 1333 1749 1398 humanitatem
1777 1353 1982 1398 unam
2013 1352 2297 1397 numero
2331 1332 2592 1397 haberev
2609 1333 3120 1398 invenirentur:

1256 1432 1680 1513 Concilium3
1726 1439 1748 1467 ‘
1776 1432 1951 1498 Cum
2007 1433 2092 1496 de
2142 1433 2364 1497 tribus
2406 1433 2717 1515 personis
2758 1431 3123 1514 loquimur,

1257 1532 1492 1610 Patre,
1515 1531 1716 1609 Filio,
1739 1541 1810 1598 et
1833 1531 2097 1616 Spiritu
2114 1532 2394 1610 Sancto,
2420 1533 2607 1616 ipsas
2639 1550 2856 1595 unum
2875 1531 3121 1608 Deum,

1255 1651 1463 1695 unam
1479 1631 1778 1696 divinam
1805 1632 2261 1696 substantiam
2278 1623 2428 1696 esse
2445 1631 2761 1709 fatemur,
2792 1638 2867 1695 et
2897 1651 2937 1695 e
2967 1649 3125 1694 con-

1258 1749 1495 1810 vers03
1546 1749 1701 1795 cum
1751 1732 1930 1795 enim
1975 1731 2061 1795 de
2105 1751 2245 1795 uno
2288 1730 2465 1809 Deo,
2507 1749 2647 1794 una
2690 1730 2927 1796 divina
2967 1730 3124 1794 sub-

1257 1831 1513 1895 stantia
1537 1829 1904 1912 loquimur,
1924 1831 2151 1914 ipsum
2181 1850 2393 1895 unum
2426 1831 2652 1895 Deum
2686 1836 2760 1894 et
2791 1848 2993 1893 unam
3018 1829 3120 1893 di-

1256 1930 1487 1993 vinam
1508 1930 1967 1994 substantiam
1987 1949 2138 1995 esse
2158 1937 2310 1994 tres‘
2325 1948 2654 2013 personas
2684 1927 3120 2012 profitemur.’

1257 2028 1493 2093 Tertio
1511 2028 1691 2093 dixit
1707 2028 2086 2108 Gilbertns,
2115 2029 2300 2113 quod
2326 2029 2788 2112 proprietates
2806 2046 3115 2112 persona-

1257 2149 1434 2206 rum,
1478 2129 1848 2194 relationes
1896 2129 2212 2213 quaedam
2262 2135 2535 2193 aeternae
2585 2128 2753 2207 sint,
2795 2148 2949 2211 quae
2985 2145 3119 2191 nou

1260 2234 1422 2292 sunt
1462 2229 1644 2312 quod
1688 2229 1860 2313 ipsae
1903 2247 2238 2311 personae,
2279 2228 2402 2292 sed
2441 2228 2684 2293 divisae
2717 2246 3022 2305 numero,
3051 2233 3119 2290 et

1260 2328 1481 2392 divisa
1513 2328 1924 2406 substantia,
1963 2336 2035 2393 et
2067 2327 2369 2394 habeant
2398 2334 2542 2393 tres
2573 2327 2913 2406 unitatem
2943 2333 3011 2390 et
3028 2324 3124 2388 sic

1261 2427 1478 2492 multa
1533 2435 1793 2493 aeterna
1846 2436 2033 2506 sunt,
2099 2447 2390 2511 quorum
2450 2427 2716 2492 nullum
2760 2428 2854 2491 sit
2902 2426 3120 2490 Deus:

1263 2524 1682 2608 Concilium3
1728 2527 2122 2592 ‘Credimus
2165 2527 2387 2592 solum
2430 2527 2656 2591 Deum
2709 2525 3006 2603 Patrem,
3053 2532 3125 2589 et

1265 2623 1538 2703 Filium,
1583 2634 1653 2691 et
1681 2626 2011 2710 Spiritum
2038 2627 2364 2692 Sanctum
2397 2634 2724 2692 aeternum
2756 2644 2942 2706 oese3
2997 2644 3125 2689 nec

1263 2722 1530 2806 aliquas
1590 2726 1864 2789 omnino
1915 2745 2049 2803 res,
2108 2726 2255 2790 sive
2314 2726 2706 2805 relationes,
2758 2726 2904 2789 sive
2959 2743 3122 2808 pro-

1260 2823 1611 2904 prietates,
1643 2824 1752 2888 vel
1788 2824 2090 2888 unitates
2136 2825 2475 2903 dicantur,
2504 2824 2743 2889 adesse
2766 2825 2937 2901 Deo,
2971 2842 3126 2907 quae

1262 2928 1425 2987 sunt
1480 2923 1569 2987 ab
1621 2929 1901 3002 aeterno,
1949 2942 2102 3007 quoe
2150 2945 2287 2989 non
2331 2924 2474 2990 sint
2522 2925 2763 2990 Deus?
2862 2923 3127 3004 Quarto

1263 3021 1465 3100 dixit,
1486 3023 1666 3106 quod
1692 3023 1927 3089 divina
1954 3030 2205 3088 natura
2223 3044 2361 3089 non
2393 3025 2485 3090 sit
2513 3026 2905 3089 incarnatat
2952 3024 3127 3089 Con·

1264 3122 1534 3202 cilium;
1596 3128 1616 3158 ‘
1639 3121 1995 3187 Credimus
2045 3123 2267 3206 ipsam
2313 3123 2739 3190 divinitatem
2785 3125 2932 3189 sive
2976 3124 3128 3187 sub-

1267 3223 1590 3287 stantiam
1635 3222 1960 3301 divinam,
2004 3223 2151 3288 sive
2205 3231 2520 3289 naturam
2574 3225 2877 3289 divinam
2924 3223 3125 3300 dicas,

1267 3319 1694 3386 incarnatam
1725 3342 1900 3401 esse,
1933 3322 2052 3387 sed
2083 3323 2156 3387 in
2186 3322 2408 3387 Filio?

1420 3518 1518 3581 De
1534 3518 1762 3604 praelio
1788 3522 2110 3604 campestri
2138 3523 2300 3587 inter
2327 3543 2488 3608 reyes
2509 3522 2902 3588 Francorum
2927 3532 2981 3587 ot

2026 3619 2389 3706 Anqlorwm.

1369 3737 1623 3802 Eodem
1673 3757 1854 3804 anno
1913 3750 2142 3807 actum
2193 3751 2300 3809 est
2356 3737 2769 3829 ¹campestre
2825 3746 3131 3830 praelium

1267 3835 1447 3902 inter
1496 3836 1958 3918 Lodowicum,
1998 3861 2227 3924 regem
2274 3844 2719 3923 Francorum,
2768 3854 2841 3910 et
2876 3845 3133 3910 Henri·

1268 3956 1445 4015 cum,
1500 3957 1727 4019 regem
1772 3936 2182 4022 Anglorum,
2228 3942 2300 4006 in
2348 3943 2530 4009 hunc
2577 3945 2873 4010 modum.
2975 3944 3136 4011 Rex

1269 4045 1497 4101 autem
1531 4037 1974 4118 Francorum,
2006 4041 2274 4105 duabus
2303 4044 2577 4108 aciebus
2620 4044 2970 4121 ordinatiS‚
3021 4066 3141 4128 po·

1268 4137 1406 4200 suit
1453 4137 1525 4199 in
1570 4138 1793 4218 prima
1837 4141 1983 4203 acie
2025 4140 2473 4259 willelmum,
2507 4143 2718 4207 filium
2759 4138 2956 4209 ducis
2993 4144 3137 4209 Ro-

1338 4341 1650 4408 'Campam
1668 4343 1934 4418 pralium]
1967 4349 2074 4399 The
2095 4365 2178 4401 ac·
2228 4356 2338 4403 880.
2410 4353 2684 4404 Ordericus
2719 4354 2904 4404 vitalis
2937 4357 3146 4415 mab,

1267 4417 1417 4461 count
1443 4413 1700 4479 following
1727 4417 1786 4467 of
1820 4418 1902 4468 the
1941 4420 2094 4469 battle
2127 4420 2186 4470 of
2226 4422 2335 4471 that
2348 4422 2486 4472 there
2501 4438 2635 4473 were
2646 4424 2913 4487 onlythree
2934 4424 3142 4488 knights

1270 4482 1540 4544 Brenville,
1568 4499 1688 4534 near
1712 4487 1762 4535 N
1765 4502 1940 4550 oyons
1959 4490 2005 4539 is
2023 4490 2178 4540 taken
2229 4491 2424 4541 killed
2407 4508 2460 4541 ω
2481 4493 2566 4543 the
2586 4496 2768 4545 action.

1268 4551 1390 4601 from
1430 4553 1606 4615 Henry
1642 4555 1701 4605 of
1739 4557 2089 4621 Huntingdon‚
2124 4575 2176 4622 p.
