3457 5887
920 866 1200 915 stonss
1244 867 1781 918 ffls‘ronmnuu.
2140 856 2271 921 359

385 1043 538 1093 mus
581 1023 950 1092 vindicare.
1056 1023 1126 1089 N
1129 1025 1406 1093 oven-itis
1439 1025 1677 1109 itaque
1714 1046 1842 1090 vos
1882 1029 2142 1094 tamdiu
2177 1032 2265 1094 ab
2289 1047 2399 1095 Am.
2421 1048 2533 1090 mo.

383 1124 761 1207 episcopali
796 1122 1017 1190 officio
1061 1125 1422 1190 commissa
1458 1126 1655 1191 nobis
1693 1144 1740 1191 a
1776 1126 1932 1191 Deo
1968 1130 2266 1194 auctori·

383 1230 531 1288 tate
574 1243 968 1307 suspensos,
1015 1223 1230 1289 donec
1274 1223 1361 1287 ad
1405 1224 1635 1288 sedem
1685 1228 2136 1308 apostolicam
2176 1230 2265 1294 de

381 1330 583 1387 tanto
616 1342 906 1388 excessu
949 1323 1366 1388 satisfacturi
1410 1323 1776 1402 accedatis,
1808 1325 1941 1390 nisi
1971 1328 2263 1411 praefato

380 1422 893 1506 archiepiscopo
934 1420 1037 1487 ita
1082 1422 1480 1487 satisfacere
1520 1424 1949 1505 curaveritis,
1991 1434 2072 1492 ut
2112 1448 2262 1511 poe-

385 1541 545 1587 nam
577 1523 783 1587 istam
811 1523 961 1606 ipse
987 1521 1255 1607 judicet
1281 1521 1752 1588 relaxandam.
1753 1521 1773 1549 ’

480 1694 656 1777 Quod
679 1695 958 1761 nvinistri
988 1695 1148 1784 νομὴ
1180 1693 1348 1762 beato
1382 1695 1620 1762 Tlumm
1631 1705 2072 1784 preceperunt,
2098 1706 2170 1764 ut

708 1817 1005 1883 qvi-scopos
1032 1795 1567 1863 ooeoommnmioatoe
1591 1795 1934 1863 absolveret.

485 1918 868 2003 Postquam
895 1928 1126 1985 autem
1159 1919 1488 1999 Th0mas,
1517 1922 1926 1986 venerabilis
1955 1920 2258 1988 Cantua-
2283 1938 2321 1979 ι·
2283 1939 2509 2029 ‘bg-gem
2528 1940 2581 1989 br

382 2018 629 2083 riensis
673 2019 1249 2103 archiepiscopus,
1291 2020 1382 2084 ad
1427 2019 1786 2087 ecclesiam
1832 2039 2027 2086 suam
2069 2015 2258 2086 ¹cum
2282 2041 2450 2081 mom
2420 2000 2477 2041 ¹¹⁸
2493 1994 2539 2031 ‘⁰

386 2137 641 2201 magna
687 2117 852 2183 cleri
896 2127 969 2184 et
1012 2120 1247 2204 populi
1288 2120 1651 2185 devotione
1694 2128 2055 2233 susceptus
2102 2141 2257 2205 per-
2284 2090 2414 2130 ἰη’

386 2218 602 2295 venit,
630 2218 819 2284 illum
854 2218 1352 2285 incontinenter
1371 2218 1690 2285 adierunt
1711 2219 1895 2302 regis
1920 2218 2263 2298 officiales,

386 2317 872 2385 denuntiantes
907 2339 998 2384 ex
1037 2326 1236 2402 parte
1270 2319 1488 2402 ipsius
1531 2319 1738 2401 regis,
1777 2326 1857 2383 ut
1892 2338 2263 2402 suspensos

386 2417 745 2501 episcopos
808 2424 880 2483 et
941 2418 1570 2485 excommunicatos
1630 2418 2042 2496 absolveret,
2103 2420 2266 2502 quia

386 2516 708 2599 quicquid
770 2524 1014 2583 contra
1066 2536 1186 2583 eos
1236 2516 1493 2583 sactum
1542 2518 1792 2596 fuerat,
1839 2526 1919 2583 ut
1963 2517 2264 2596 aiebant,

386 2614 457 2680 in
494 2615 677 2698 regis
713 2616 1140 2682 redundabat
1177 2618 1496 2702 injuriam
1535 2625 1607 2682 et
1644 2619 2064 2683 eversionem
2098 2638 2263 2682 con-

385 2715 822 2781 suetudinum
860 2717 1102 2800 regni3
1148 2718 1394 2800 quibus
1423 2717 1780 2802 respondit
1806 2716 2264 2801 archiepisco-

387 2833 542 2899 pus,
575 2810 758 2898 quod
789 2817 1094 2902 episcopi
1127 2819 1721 2896 excommunicati,
1755 2816 1816 2881 si
1845 2818 2081 2902 jurare
2115 2817 2262 2882 vel·

389 2913 537 2981 lent
574 2914 648 2980 in
690 2914 910 2982 forma
943 2917 1250 2983 ecclesiae
1290 2937 1370 2983 se
1406 2916 1732 2984 mandato
1764 2917 2022 2983 domini
2063 2936 2262 3001 papae

386 3014 753 3096 parituros,
801 3017 949 3100 ipse
996 3037 1123 3101 pro
1170 3037 1342 3100 pace
1394 3017 1703 3082 ecclesiae
1757 3025 1827 3084 et
1880 3018 2264 3084 reverentia

385 3114 645 3179 domini
686 3116 869 3197 reffls
913 3134 1032 3180 eos
1084 3116 1515 3195 absolveret3
1562 3116 1749 3199 quod
1798 3136 1953 3180 cum
2001 3118 2265 3200 episco-

384 3214 494 3297 pis
537 3212 927 3294 referretur,
954 3215 1475 3299 responderunt,
1507 3215 1976 3300 juramentum
2019 3215 2263 3301 hujus-

385 3312 597 3392 modi,
632 3314 766 3380 nisi
793 3334 884 3380 ex
911 3315 1269 3381 voluntate
1300 3314 1506 3397 regis,
1539 3334 1615 3379 se
1648 3335 1785 3379 non
1814 3315 2062 3380 debere
2089 3334 2266 3399 prae-

384 3420 594 3479 stare.
696 3414 791 3479 Et
822 3434 980 3478 cum
1010 3414 1218 3499 paulo
1252 3422 1412 3499 post
1442 3414 1997 3499 archiepiscopus
2030 3415 2266 3480 tende-

385 3519 494 3577 ret
518 3513 609 3577 ad
630 3512 994 3579 videndum
1021 3514 1267 3579 faciem
1294 3515 1457 3579 novi
1483 3515 1689 3597 regis,
1717 3515 1837 3596 qui
1862 3523 2026 3580 tunc
2045 3508 2261 3597 ²apud

384 3610 856 3678 Woodstocke
886 3615 1305 3692 morabatur,
1332 3622 1671 3679 venerunt
1701 3614 1790 3678 ad
1823 3633 1979 3678 eum
2008 3607 2264 3678 ³nuntii

381 3710 601 3793 ipsius
636 3713 820 3794 regis
862 3713 1348 3780 interdicentes
1378 3734 1470 3779 ex
1507 3721 1703 3797 parte
1744 3713 1921 3798 ejus,
1961 3732 2047 3777 ne
2079 3713 2264 3777 ultra

454 3883 471 3916 ¹
494 3887 619 3936 Cum
640 3902 860 3951 magnae
832 3889 949 3939 cleri
969 3893 1019 3938 et
1033 3889 1201 3954 populi
1220 3890 1301 3938 de·
1349 3890 1521 3939 dictus
1541 3890 1630 3951 qui
1645 3889 1849 3938 venitin
1869 3891 2063 3939 nomine
2086 3890 2265 3939 Domi-

384 3957 574 4005 wtione
604 3959 891 4023 susceptam]
912 3960 1020 4009 The
1040 3958 1299 4022 following
1348 3960 1440 4010 ni!
1484 3959 1780 4010 Sacerdotes
1799 3959 1950 4009 etim
1971 3959 2260 4022 parochiani

383 4033 602 4077 account
627 4027 686 4077 οἰ
700 4028 782 4078 his
813 4034 958 4090 entry
972 4030 1075 4079 into
1090 4029 1299 4079 Canter-
1348 4045 1463 4079 cum
1511 4029 1830 4092 parochianis
1873 4030 2001 4091 suis,
2031 4029 2261 4078 ordinata

388 4096 553 4158 δυσ·
540 4112 585 4148 is
616 4098 770 4148 taken
800 4099 927 4148 from
960 4099 1045 4148 the
1078 4099 1300 4151 Quadri·
1348 4101 1682 4162 processione,
1701 4115 1819 4148 cum
1839 4064 2076 4148 crucibus
2095 4104 2258 4147 trans-

384 4165 564 4228 logus;
591 4170 608 4195 ⁸
623 4169 959 4230 Quacumque
980 4170 1112 4219 enim
1135 4174 1297 4218 tmus-
1348 4170 1487 4218 eunti
1507 4171 1703 4219 obviam
1725 4170 1955 4218 exierunt
1972 4164 2004 4228 ;’
2025 4184 2078 4230 p.
2102 4171 2215 4216 11³.

388 4236 498 4284 ibat
551 4239 712 4287 turbo
754 4253 1056 4301 pauperum,
1098 4239 1299 4301 parvuli
1417 4237 1439 4267 ²
1457 4238 1603 4303 Apud
1636 4238 1986 4302 Woodstockeq
2021 4238 2262 4286 Fitz-ste-

383 4310 439 4354 et
469 4307 659 4369 magni,
690 4322 837 4358 senes
867 4324 983 4358 cum
1014 4310 1300 4372 junioribus
1348 4310 1482 4372 phen
1520 4324 1641 4371 says
1671 4308 1781 4357 that
1812 4309 1896 4357 the
1933 4321 2103 4369 young
2136 4306 2259 4365 king

386 4374 696 4436 glomeratim
718 4381 1064 4440 occurrebant,
1079 4379 1166 4429 alii
1189 4394 1301 4441 pro·
1348 4393 1457 4428 was
1501 4379 1619 4427 then
1664 4382 1718 4427 at
1756 4377 2086 4427 winchester.
2151 4374 2261 4422 The

387 4448 663 4496 sternentes
684 4462 739 4497 se
760 4450 928 4510 invia,
942 4449 1032 4498 alii
1048 4463 1163 4498 vero
1177 4464 1300 4497 exu-
1349 4454 1457 4498 text
1477 4449 1674 4497 follows
1697 4447 1899 4507 Diceto,
1919 4446 2017 4494 col.
2039 4447 2153 4491 554.

386 4519 533 4564 entes
561 4519 855 4568 vestimenta
884 4534 981 4568 sua
1011 4524 1063 4569 et
1087 4523 1300 4581 proster—
1421 4516 1443 4547 ⁸
1465 4518 1663 4567 Nuntii.
1686 4516 1709 4579 ]
1753 4514 2041 4575 According
2071 4518 2122 4561 to
2159 4512 2265 4560 Ho-

390 4590 567 4634 nentes
589 4602 677 4648 per
696 4589 848 4650 viam,
870 4588 998 4637 illud
1022 4589 1303 4649 frequenter
1352 4588 1530 4650 veden‚
1548 4586 1797 4651 Joscelin,
1816 4585 1900 4635 the
1928 4583 2135 4648 quecn's
2154 4583 2266 4632 bro-

384 4653 629 4707 iterantes
643 4662 695 4708 et
708 4659 1093 4721 conclamantes,
1106 4661 1123 4686 ‘
1141 4659 1302 4708 Bene·
1349 4657 1477 4722 ther,
1497 4674 1549 4721 p.
1572 4660 1687 4707 521.
