3457 5887
864 819 1138 869 nonas
1183 804 1728 869 ms‘romARuna.
2142 806 2229 870 85

351 977 609 1041 victum
676 984 747 1041 et
799 978 1268 1043 alimentorum
1319 978 1575 1061 copias,
1626 977 1697 1041 in
1746 986 2224 1043 nocumentum
2248 996 2488 1036 Anu-¹⁰⁹⁷·

350 1077 759 1159 principum,
805 1078 1182 1142 intulerunt
1232 1078 1305 1142 in
1367 1080 1654 1157 urbem3
1719 1085 1794 1142 at
1856 1079 2222 1161 principes,
2247 1046 2542 1136 mg...

347 1175 671 1241 adhibitis
713 1177 798 1241 ad
834 1177 1056 1242 lacum
1103 1178 1390 1242 navibus
1430 1186 1500 1242 et
1535 1177 1817 1242 armatis
1860 1178 2221 1260 impositis,

345 1275 675 1339 victualia
706 1277 968 1341 civibus
1005 1277 1516 1342 subtraxerunt.
1599 1271 1736 1341 ¹Ad
1777 1277 2016 1340 turrim
2049 1296 2219 1360 quo-

346 1393 483 1456 que
530 1374 896 1458 quandam,
950 1394 1103 1458 quae
1153 1383 1301 1441 erat
1348 1375 1422 1438 in
1469 1382 1666 1458 parte
1715 1376 2000 1440 australi
2050 1376 2219 1441 civi-

346 1474 513 1537 tatis
573 1475 839 1539 caeteris
894 1475 1206 1540 omnibus
1258 1475 1660 1539 eminentior
1705 1482 1776 1540 et
1818 1473 2079 1552 fortior,
2128 1476 2214 1540 ad

341 1573 903 1655 expugnandum,
934 1593 1088 1638 cum
1127 1574 1358 1639 omnia
1388 1574 1753 1639 deficerent
1792 1581 2217 1656 argumenta,

337 1671 615 1735 tandem
673 1672 1125 1738 adhibuerunt
1186 1672 1613 1751 suffossores,
1671 1674 1790 1756 qui
1849 1693 2001 1738 eam
2061 1693 2215 1739 cum

336 1771 557 1835 multo
584 1772 819 1837 labore
859 1771 1316 1850 suffodientes,
1343 1779 1415 1836 et
1441 1771 1685 1854 ligneis
1726 1773 2031 1838 materiis
2063 1792 2216 1836 sus-

336 1876 711 1949 tentanteS,
763 1872 1115 1955 supposito
1158 1872 1316 1936 dein
1358 1872 1518 1953 igne
1552 1892 1688 1954 quo
1734 1872 1922 1954 ligna
1964 1892 2210 1937 consu-

334 1977 711 2048 merentur,
752 1971 912 2035 dum
952 1971 1239 2035 materia
1276 1971 1348 2034 in
1391 1972 1650 2035 cineres
1694 1979 1875 2036 esset
1905 1972 2209 2050 redacta,

334 2069 550 2133 turris
578 2089 736 2133 cum
762 2077 954 2135 tanto
986 2070 1255 2152 fragore
1288 2070 1567 2147 corruit,
1595 2077 1698 2147 ut,
1728 2071 1946 2135 instar
1975 2079 2209 2136 terrae-

336 2175 597 2246 motus,
641 2168 1052 2233 audientium
1104 2168 1312 2232 corda
1366 2170 1774 2251 perturbans
1815 2190 1953 2233 non
1993 2170 2209 2234 modi-

339 2285 498 2330 cum
541 2268 881 2350 ingereret
919 2287 1046 2332 sua
1090 2266 1288 2331 ruina
1317 2273 1665 2332 terrorem.
1769 2266 1878 2332 Ad
1914 2271 2211 2332 sonitum

338 2366 557 2447 igitur
604 2375 816 2431 tantae
867 2367 1105 2445 ruinae,
1151 2367 1472 2430 excitatae
1534 2367 1838 2449 legiones
1888 2367 1975 2431 ad
2022 2387 2213 2431 arma

332 2466 725 2544 convolant,
766 2467 1028 2531 animos
1068 2473 1347 2544 acuunt,
1391 2467 1589 2549 quasi
1621 2467 1860 2530 urbem
1900 2468 2212 2550 protinus

324 2563 723 2647 ingressuri.

443 2739 543 2802 De
570 2738 846 2824 captione
871 2740 951 2803 N
943 2740 1099 2803 εἴσω
1123 2739 1397 2804 civitatis
1426 2748 1484 2804 et
1512 2739 1588 2804 de
1612 2739 2089 2805 remuneratione

1062 2838 1468 2923 inperatoris.

458 2961 830 3028 Solimanni
884 2982 1046 3027 vero
1088 2982 1288 3041 uxor,
1332 2983 1421 3027 ex
1471 2962 1679 3027 turris
1724 2964 1924 3027 ruina
1966 2964 2036 3027 in
2086 2964 2203 3028 de-
2227 2982 2520 3034 stagnorum.

334 3064 796 3144 sperationem
829 3081 1051 3139 versa,
1089 3063 1377 3127 navibus
1428 3082 1583 3126 cum
1626 3063 1770 3126 suis
1813 3083 1938 3146 per
1978 3063 2200 3127 lacum

324 3162 624 3227 devecta
674 3163 760 3225 ab
798 3162 965 3225 urbe
1007 3161 1181 3225 clam
1229 3162 1597 3244 egreditur,
1642 3162 1760 3226 sed
1811 3163 2049 3240 nostri,
2084 3165 2200 3245 qui

316 3263 402 3325 in
448 3261 603 3324 lacu
666 3266 861 3326 erant
913 3261 985 3323 in
1040 3261 1328 3325 navibus
1378 3261 1465 3324 ad
1520 3260 2012 3343 explorandum
2075 3264 2199 3325 im-

315 3361 542 3438 missi,
586 3360 960 3442 fugientem
1002 3360 1303 3442 capiunt,
1350 3368 1422 3425 et
1463 3368 1733 3443 captam
1775 3362 2194 3443 principibus

311 3466 780 3544 praesentant;
834 3459 1056 3542 captis
1103 3460 1313 3541 igitur
1358 3479 1513 3523 cum
1558 3460 1680 3523 illa
1727 3460 1991 3525 duobus
2032 3460 2190 3523 filiis

314 3560 467 3624 suis
502 3558 723 3622 adhuc
747 3558 1041 3636 tenellis,
1074 3560 1202 3622 sub
1228 3566 1423 3623 arcta
1447 3578 1600 3623 cum
1627 3566 1845 3623 matre
1879 3559 2191 3623 custodia

314 3660 760 3741 deputantur.
845 3658 1011 3721 Dux
1030 3658 1435 3740 magnificus
1454 3657 1867 3722 Godefridus
1887 3658 2188 3722 Turcum

313 3752 688 3843 quendam,
716 3757 835 3839 qui
870 3757 1125 3821 multos
1170 3776 1260 3821 ex
1291 3758 1543 3822 nostris
1583 3757 1739 3821 telis
1770 3757 2188 3834 confoderat,

312 3866 393 3923 et
441 3858 720 3939 insuper
766 3856 1106 3940 principes
1153 3857 1379 3921 verbis
1435 3856 1778 3940 probrosis
1832 3855 2191 3933 afficiebat,

312 3959 475 4023 visa
505 3956 1038 4040 opportunitate,
1071 3956 1330 4036 sagitta
1361 3957 1638 4019 cerebro
1668 3954 2037 4037 perforato,
2065 3974 2187 4019 ex-

313 4065 433 4122 tra
465 4052 736 4120 murum
764 4056 836 4118 in
876 4055 1210 4119 fossatum
1243 4055 1661 4138 praecipitem
1687 4054 1890 4118 dedit.
1992 4053 2189 4118 Tunc

311 4156 626 4239 undique
675 4174 908 4219 omnes
953 4155 1038 4218 ad
1085 4154 1411 4218 insultum
1456 4154 1763 4230 animati,
1800 4153 1991 4217 lituis
2034 4173 2188 4236 per-

312 4255 782 4339 strepentibus
829 4262 897 4317 et
945 4254 1151 4331 tubis,
1213 4252 1704 4335 aggrediuntur
1745 4253 2023 4331 urbem3
2082 4272 2186 4316 re·

316 4357 549 4439 pletur
576 4373 695 4419 aer
721 4353 1152 4432 clamoribus,
1181 4373 1321 4417 non
1347 4359 1635 4435 prosunt
1665 4351 1945 4416 inclusis
1975 4352 2188 4433 sagit-

618 4607 631 4638 ¹
655 4608 736 4660 Aa
757 4610 931 4659 tan-im
951 4602 1184 4675 quaqua]
1220 4608 1356 4658 Win.
1376 4608 1495 4669 Tyr.
1521 4623 1608 4670 pp.
1630 4610 1745 4670 669,
1766 4610 1881 4656 6⁷⁰.
