3457 5887
1238 794 1327 860 34
1743 812 2006 861 noomu
2053 813 2148 861 nn
2190 812 2598 861 wanovnR

926 986 1170 1028 A·1³·¹⁰⁸⁸·
1245 975 1464 1057 pavit,
1526 981 1597 1039 et
1655 970 1745 1039 ad
1810 984 2109 1041 castrum
2169 975 2472 1041 Rosense
2533 975 2729 1039 illum
2780 973 3101 1036 ducentes

1245 1075 1421 1155 regii
1478 1074 1731 1138 milites
1796 1076 1883 1139 ab
1934 1075 2212 1139 inclusis
2271 1077 2651 1157 ingressum
2712 1072 3101 1154 requirunt3

1246 1173 1506 1238 addunt
1534 1174 1765 1251 etiam,
1810 1174 1940 1238 hoc
1977 1175 2320 1238 dominum
2366 1195 2563 1238 suum
2597 1172 2798 1247 velle,
2831 1170 2962 1233 hoc
3002 1187 3103 1230 re-

1247 1291 1400 1353 gem
1448 1274 1798 1337 absentem
1833 1273 2075 1357 jubere
2113 1294 2132 1353 ;
2182 1283 2333 1337 erat
2365 1281 2595 1337 autem
2633 1279 2800 1336 tunc
2840 1270 2915 1332 in
2960 1286 3105 1331 cas·

1246 1377 1355 1434 tro
1393 1370 1513 1434 illo
1562 1379 1710 1435 tota
1754 1372 1894 1435 sere
1932 1372 2318 1455 juventutis
2348 1370 2623 1453 Angliae
2656 1379 2726 1434 et
2764 1368 3108 1433 Norman-

1245 1468 1379 1533 niae
1432 1469 1776 1547 nobilitas»,
1828 1479 1968 1534 tres
2022 1471 2282 1535 scilicet
2332 1471 2452 1534 filii
2505 1470 2773 1535 comitis
2825 1466 3107 1547 Rogeri,

1248 1575 1319 1631 et
1356 1568 1768 1633 Eustachius
1810 1589 2035 1634 comes
2076 1571 2403 1634 Bononiae
2449 1570 2707 1653 Junior‚
2754 1587 2912 1631 cum
2960 1563 3108 1628 aliis

1247 1667 1480 1730 multis
1509 1687 1682 1749 quos
1700 1669 2096 1732 nominatim
2123 1670 2592 1751 praetermitto,
2639 1666 2900 1731 Inclusi
2926 1683 3107 1739 vero,

1248 1773 1448 1829 extra
1470 1766 1554 1829 de
1588 1786 1781 1830 muro
1801 1768 2315 1850 prospicientes,
2333 1768 2598 1831 vultum
2625 1765 2928 1848 episcopi
2959 1781 3107 1826 cum

1248 1864 1538 1928 militum
1575 1867 1803 1930 verbis
1863 1886 2000 1930 non
2051 1867 2411 1931 convenire
2464 1865 2876 1948 conjectant,
2933 1861 3109 1925 unde

1250 1964 1439 2027 ocius
1487 1965 1743 2045 apertis
1791 1966 2010 2028 valvis
2074 1973 2403 2030 exeuntes
2464 1984 2701 2028 omnes
2752 1982 2904 2027 cum
2968 1962 3107 2042 epi-

1250 2081 1459 2143 scopo
1509 2062 1761 2126 milites
1809 2065 2035 2145 regios
2078 2065 2152 2127 in
2208 2064 2562 2128 castellum
2599 2064 2867 2127 vinctos
2914 2059 3109 2123 redu-

1253 2168 1458 2239 cunt3
1505 2161 1623 2224 sed
1658 2181 1890 2226 rumor
1920 2162 2088 2226 sacti
2130 2163 2218 2226 ad
2260 2183 2488 2245 regem
2532 2164 2669 2226 cito
2713 2159 3112 2244 prolabitur,

1252 2260 1371 2340 qui
1418 2260 1589 2323 iram
1640 2260 1825 2324 intra
1863 2263 2341 2326 conscientiam
2385 2262 2741 2325 revolvens
2787 2258 3114 2340 stipendi·

1251 2358 1433 2422 arios
1489 2378 1649 2422 suos
1706 2358 1973 2441 Anglos
2030 2368 2426 2442 congregat,
2470 2360 2671 2442 jubet
2720 2366 2799 2422 ut
2840 2375 3113 2439 compa-

1250 2457 1476 2521 triotae
1511 2458 1599 2521 ad
1634 2458 2052 2523 obsidionem
2083 2461 2381 2536 veniant,
2412 2459 2544 2522 nisi
2572 2459 2787 2523 velint
2827 2457 2955 2520 sub
2994 2475 3114 2519 no-

1250 2556 1429 2620 mine
1446 2550 1789 2639 ¹Nithing,
1813 2559 1993 2639 quod
2013 2558 2258 2622 Latine
2282 2565 2302 2592 ‘
2320 2558 2632 2641 nequam’
2655 2564 2882 2633 sonat,
2899 2575 3115 2618 rema·

1252 2673 1436 2717 nere.
1513 2654 1726 2736 Angli
1756 2648 2052 2738 quidem,
2077 2659 2196 2739 qui
2228 2658 2396 2721 nihil
2429 2658 2739 2721 miserius
2773 2655 3118 2719 aestimant

1253 2771 1458 2834 quam
1487 2754 1876 2837 hujusmodi
1905 2755 2232 2819 dedecore
2261 2757 2578 2821 vocabuli
2612 2756 2860 2831 notari,
2895 2763 3116 2818 cater-

1253 2853 1467 2916 vatim
1519 2853 1605 2916 ad
1653 2873 1883 2935 regem
1929 2855 2282 2919 confluunt
2343 2855 2805 2919 invincibilem
2864 2854 3119 2917 exerci-

1254 2957 1401 3014 tum
1444 2963 1886 3035 congerentes
1924 2973 1943 3034 ;
1990 2975 2115 3018 nec
2163 2955 2409 3019 inclusi
2445 2956 2779 3018 diutinam
2824 2955 3116 3018 obsidio-

1255 3069 1408 3113 nem
1431 3052 1603 3116 serre
1631 3053 2084 3134 praevalentes
2102 3054 2458 3118 castellum
2481 3054 2627 3134 regi
2654 3052 3114 3117 reddiderunt.

1258 3149 1412 3214 Odo
1457 3151 1668 3232 igitur
1719 3153 2077 3234 episcopus
2139 3154 2437 3217 secundo
2502 3160 2748 3234 captus
2792 3151 3117 3234 Angliam

1255 3256 1586 3330 perpetuo
1609 3251 1983 3332 abjuravit3
2015 3252 2405 3334 episcopum
2427 3252 2955 3317 Duuelmensem
2973 3271 3117 3328 rex,

1255 3341 1643 3428 praetentoe²
1692 3349 2008 3412 amicitiae
2058 3352 2466 3416 verecundia
2517 3351 2786 3428 ductus,
2834 3350 3120 3415 liberum

1258 3445 1446 3508 abire
1488 3447 1818 3528 permisit,
1858 3448 1975 3530 qui
2026 3468 2185 3512 mox
2231 3451 2317 3514 ad
2364 3450 2856 3515 Normanniam
2903 3457 3122 3514 trans-

1257 3543 1580 3624 fretavit3
1625 3547 1892 3610 caeteris
1923 3548 2233 3612 omnibus
2258 3550 2328 3612 in
2357 3549 2488 3614 fide
2515 3550 2829 3631 receptis.
2912 3549 3124 3612 Deni-

1260 3661 1415 3725 que,
1459 3643 1639 3708 inter
1695 3644 1820 3709 has
1867 3645 2238 3710 obsidionis
2293 3667 2544 3726 moras,
2590 3647 2883 3711 ministri
2940 3647 3121 3729 regis

1260 3761 1448 3805 mare
1494 3745 1953 3809 custodientes
1993 3746 2350 3828 quosdam,
2392 3767 2564 3830 quos
2597 3747 2740 3810 dux
2778 3746 3121 3811 Robertus

1260 3840 1332 3903 in
1354 3843 1686 3906 auxilium
1704 3845 2183 3926 praedictorum
2212 3847 2491 3910 miserat
2517 3847 3124 3922 schismaticorum,

1260 3941 1510 4020 partim
1551 3942 1737 4005 caede
1785 3950 1855 4006 et
1904 3944 2152 4025 partim
2198 3944 2558 4027 naufragio
2600 3954 3123 4026 oppresserunt3

1259 4057 1547 4120 quorum
1583 4041 1858 4122 quidam
1892 4042 2122 4123 fugam
2154 4043 2560 4108 meditantes
2592 4052 2802 4109 vento
2839 4045 3124 4108 destitu-

1257 4144 1490 4214 untur,
1518 4147 1589 4203 et
1629 4140 1730 4204 sic
1771 4141 2063 4204 ludibrio
2092 4141 2340 4223 Anglis
2374 4144 2637 4226 sibique
2670 4144 2885 4208 exitio
2913 4144 3124 4244 exsti-

1326 4399 1345 4433 ¹
1390 4403 1653 4469 Ninnium]
1682 4421 1740 4455 or
1757 4406 1774 4434 ⁴
1806 4406 2089 4469 Nidering,’
2122 4409 2167 4458 is
2218 4408 2455 4459 Malmsb.
2478 4425 2530 4472 p.
2553 4414 2666 4472 489,
2686 4415 2796 4461 note
2816 4410 2856 4464 ⁸.
2903 4415 2997 4462 See
3019 4414 3123 4463 also

1256 4473 1507 4535 supposed
1546 4475 1612 4535 by
1647 4477 1852 4525 Somuer
1894 4481 1945 4525 to
1988 4477 2165 4526 denote
2214 4478 2469 4541 Spelman,
2488 4479 2555 4528 ad
2575 4496 2673 4530 voc.

1256 4542 1383 4591 such
1405 4558 1462 4593 u
1482 4545 1653 4593 would
1673 4545 1781 4595 rifle
1803 4560 1834 4595 a
1855 4545 1986 4595 dead
2007 4547 2141 4609 body
2147 4564 2163 4609 ;
2282 4545 2611 4613 ’Proeeentoefl
2642 4554 2661 4579 ⁸
2679 4548 2997 4615 Praeteritae,'
3024 4554 3082 4601 C.
