3457 5887
940 1008 990 1046 Α.
997 1006 1048 1045 D.
1074 1006 1181 1046 1169.

942 1058 1101 1095 better·

938 1108 985 1145 or
1000 1106 1158 1145 nectet

938 1157 1021 1196 and

940 1590 1029 1628 'l'he
1044 1588 1191 1639 blahop

939 1640 988 1678 or
998 1640 1166 1679 London

944 1690 1064 1727 visit·
1082 1690 1154 1729 the

940 1739 1055 1788 king.

943 3196 1085 3234 Lector
1096 3193 1145 3234 of

941 3249 1191 3334 fissxnssger.

1256 813 1385 881 334
1755 827 2019 876 nocam
2070 828 2162 873 ns
2209 825 2620 875 wannovna

1259 1008 1414 1053 cum
1446 988 1957 1071 archiepiscopo
1986 987 2220 1070 aliqua
2250 987 2511 1051 ratione
2545 1005 2967 1068 componere,
2993 986 3134 1048 nisi

1259 1089 1471 1154 salvis
1523 1088 1653 1152 sibi
1709 1086 2318 1152 consuetudinibus
2358 1086 2615 1170 iniquis
2667 1087 2853 1168 regni
2897 1086 3007 1148 sui
3059 1093 3137 1148 et

1259 1187 1731 1270 dignitatibus,
1764 1187 1947 1270 quod
1982 1188 2189 1251 etiam
2221 1187 2392 1269 ipsis
2422 1185 2676 1268 legatis
2709 1186 2908 1268 qnasi
2940 1184 3137 1247 nefas

1259 1288 1641 1353 videbatur.

1408 1458 1636 1522 Litora
1667 1459 1829 1545 royis
1856 1457 2121 1523 Hearici
2148 1458 2238 1521 ad
2252 1479 2496 1543 papam
2520 1458 2979 1523 Ale-vandram.

1359 1582 1617 1647 Eodem
1658 1602 1840 1647 anno
1876 1582 2292 1659 Gilebertus,
2330 1583 2841 1648 Londonicnsis
2877 1584 3130 1666 episco-

1257 1702 1413 1765 pus,
1451 1682 1947 1761 transfretavit,
1988 1702 2183 1746 suam
2226 1683 2499 1747 domino
2540 1702 2748 1766 papae
2792 1683 3127 1747 exhibitu-

1255 1801 1375 1846 rus
1416 1783 1853 1866 praesentiam
1897 1790 1968 1846 et
2010 1799 2256 1845 causas
2305 1782 2795 1865 appellationis
2832 1783 3127 1846 redditu-

1255 1900 1414 1961 rus;
1460 1901 1597 1963 quo
1640 1880 1959 1946 veniente
2002 1879 2090 1944 ad
2134 1900 2364 1963 regem
2396 1880 2792 1964 Anglorum
2836 1882 2903 1944 in
2948 1880 3125 1944 Nor-

1255 1981 1628 2058 manniam,
1679 1986 1979 2045 tractare
2022 1988 2379 2063 coeperunt
2435 1981 2912 2055 communiter,
2960 2000 3118 2062 quo-

1259 2080 1461 2144 modo
1493 2080 1769 2144 beatum
1795 2078 2154 2155 Thomam,
2185 2079 2762 2144 Cantuariensem
2801 2078 3118 2162 archiepi-

1258 2198 1564 2262 scopum,
1597 2178 1756 2244 dolo
1791 2178 2358 2242 circumvenirent
2386 2186 2460 2243 et
2490 2198 2776 2243 causam
2811 2178 2962 2262 ejus
2980 2178 3122 2262 jus-

1256 2277 1593 2342 tissimam
1631 2279 1703 2342 in
1742 2284 2112 2360 conspectu
2152 2278 2397 2342 summi
2438 2279 2780 2361 pontificis
2809 2278 3119 2359 denigra-

1258 2385 1433 2442 rent.
1478 2376 1874 2442 Tandemin
1895 2376 2024 2441 hoc
2046 2383 2556 2455 consenserunt,
2580 2386 2657 2441 ut
2677 2397 2807 2441 rex
2825 2377 3122 2441 Romam

1257 2477 1559 2541 mitteret
1605 2476 1922 2541 solennes
1965 2476 2241 2541 nuntios
2292 2495 2448 2540 cum
2492 2476 2700 2541 literis
2754 2475 3003 2558 ipsius,
3052 2478 3124 2540 in

1256 2575 1505 2657 quibus
1541 2594 1867 2659 expresse
1899 2574 2173 2641 domino
2208 2595 2407 2660 papae
2434 2575 2871 2651 denuntiaret,
2900 2576 3122 2656 quod,

1258 2674 1388 2737 nisi
1437 2675 1826 2759 superbiam
1871 2674 2178 2753 Thomae,
2225 2674 2723 2740 Cantuariensis
2772 2673 3122 2756 archiepi-

1255 2774 1472 2856 scopi,
1510 2774 1897 2839 severitatis
1943 2776 2113 2857 pede
2162 2782 2567 2852 contereret,
2602 2775 2746 2857 ipse
2775 2780 2848 2837 et
2880 2791 3125 2837 omnes

1256 2874 1545 2938 barones
1590 2872 1867 2957 Angliae
1911 2892 2068 2937 cum
2108 2872 2274 2938 viris
2318 2872 2801 2939 ecclesiasticis
2842 2874 2933 2936 ab
2978 2873 3126 2958 ejus

1257 2974 1645 3038 obedientia
1714 2973 2107 3037 recederent
2136 2994 2155 3053 ς
2217 2975 2571 3039 literarum
2636 2981 2870 3039 autem
2933 2982 3123 3037 tenor

1258 3072 1369 3137 hic
1400 3080 1573 3150 erat,
1594 3092 1766 3156 quas
1796 3072 2070 3137 domino
2100 3089 2300 3156 papae
2329 3075 2751 3153 transmisit;

1355 3177 1377 3207 ‘
1412 3172 1709 3250 Vestrae,
1731 3167 1749 3204 ¹
1808 3179 2027 3254 pater,
2093 3172 2263 3237 satis
2321 3174 2693 3237 innotescit
2749 3172 3120 3246 serenitati,

1255 3281 1515 3354 quanta
1535 3291 1641 3336 me
1666 3279 1737 3336 et
1766 3278 2016 3336 terram
2039 3291 2256 3335 meam
2278 3272 2522 3354 affligit
2554 3271 2896 3348 molestia,
2922 3291 3122 3353 quan·

1254 3372 1346 3435 tis
1371 3392 1480 3436 me
1508 3371 1865 3436 vexaverit
1892 3367 2185 3455 injurii8‚
2217 3371 2521 3435 Thomas
2547 3372 2666 3436 ille
2695 3372 3117 3435 adversarius

1254 3487 1468 3547 meus,
1503 3491 1681 3549 cum,
1716 3478 1892 3534 teste
1926 3471 2364 3547 conscientia,
2398 3471 2567 3536 nihil
2611 3472 3002 3546 meruerim,
3033 3470 3113 3533 nil

1251 3571 1577 3649 gesserim
1612 3577 1811 3635 tanta
1843 3570 2256 3635 contumelia
2282 3570 2587 3652 dignum.
2652 3569 2867 3634 Nunc
2897 3579 3113 3633 autem

1249 3668 1617 3733 innumeris
1673 3665 2209 3752 praecedentibus
2273 3689 2519 3734 novam
2574 3669 2833 3754 adjecit
2889 3670 3117 3753 injuri-

1249 3785 1382 3844 am,
1414 3785 1567 3830 cum
1601 3766 1904 3848 affligere
1934 3788 2072 3832 non
2102 3768 2350 3834 desinit
2378 3770 2849 3849 innocentem3
2899 3777 3117 3834 vestra

1246 3866 1577 3948 siquidem
1625 3865 1842 3930 fultus
1906 3869 2338 3946 auctoritate,
2386 3877 2466 3933 ut
2512 3870 2784 3944 asserit,
2836 3868 3116 3932 devotos

1246 3972 1317 4028 et
1350 3961 1581 4029 fideles
1623 3965 1930 4030 ecclesiae
1976 3967 2309 4032 Romanae
2343 3968 2520 4033 filios
2572 3968 3112 4032 Londoniensem

1245 4071 1315 4128 et
1347 4064 1927 4129 Saresberiensem
1964 4065 2341 4150 episcopos,
2376 4087 2531 4133 cum
2570 4068 2980 4150 quibusdam
3023 4067 3114 4129 fa-

1245 4164 1621 4228 miliaribus
1677 4165 1869 4242 meis,
1916 4166 2374 4231 anathematis
2430 4168 2775 4231 sententia
2829 4166 3112 4230 innoda-

1245 4264 1370 4341 vit,
1436 4264 1693 4329 nullam
1745 4264 2071 4330 adversus
2131 4266 2255 4331 hos
2320 4267 2573 4331 habens
2643 4265 3108 4331 rationabilem

1244 4383 1544 4429 causam.
1636 4362 1794 4427 Hoc
1828 4372 2054 4428 autem
2091 4385 2296 4448 quam
2332 4366 2422 4431 sit
2458 4367 2621 4430 mihi
2664 4364 3112 4440 intolerabile,

1570 4571 1587 4604 ¹
1620 4568 1856 4640 Vestra]
1892 4576 2135 4637 Compare
2168 4590 2284 4637 epp.
2315 4576 2403 4624 lib.
2429 4576 2501 4625 iii.
2522 4590 2602 4636 ep.
2626 4575 2786 4624 xlviii.
