3457 5887
1192 866 1320 932 134
1695 877 1958 927 noomu
2007 876 2102 923 m:
2146 874 2560 923 wunnovnn

872 1059 982 1102 nn.
1006 1061 1118 1101 10⁹9.
1194 1047 1379 1116 runt,
1453 1044 1662 1119 atque
1734 1036 1962 1100 subito
2039 1041 2201 1099 ante
2282 1034 2518 1096 urbem
2593 1032 3077 1097 convenientes

873 1110 1169 1203 gmon.
1198 1146 1444 1204 octavo
1508 1137 1661 1200 idus
1726 1135 1773 1201 J
1779 1136 1924 1198 unii
1989 1153 2141 1198 eam
2207 1132 2561 1197 obsidione
2614 1132 3076 1197 vallaverunt.

1201 1239 1473 1305 Dicitur
1504 1245 1735 1300 autem
1766 1235 1978 1299 fuisse
2017 1252 2341 1297 numerus
2378 1232 2841 1297 obsidentium
2875 1233 3078 1314 quasi

1199 1338 1414 1403 millia
1459 1336 1918 1419 quadraginta
1967 1332 2298 1416 peditum,
2339 1332 2645 1415 equitum
2683 1351 2849 1396 vero
2896 1332 3081 1394 mille

1202 1436 1583 1521 quingenti,
1635 1441 1886 1518 praeter
1935 1452 2133 1498 senes
2190 1440 2262 1496 et
2308 1431 2846 1496 valetudinarios
2902 1430 3083 1493 iner-

1202 1556 1445 1620 meque
1489 1536 1761 1617 vulgus.
1865 1533 1952 1597 In
1998 1533 2167 1597 urbe
2209 1539 2438 1596 autem
2481 1531 2886 1596 dicebantur
2931 1550 3083 1594 esse

1204 1638 1583 1701 Turcorum
1616 1634 1894 1699 sortium
1929 1640 1998 1698 et
2032 1632 2288 1715 optime
2321 1638 2741 1695 armatorum
2787 1631 3089 1712 quadra-

1204 1736 1397 1818 ginta
1452 1735 1690 1810 millia,
1730 1740 1873 1797 tam
1920 1741 1998 1797 ut
2040 1732 2277 1796 urbem
2320 1731 2582 1813 regiam
2625 1732 2714 1794 ab
2756 1730 3086 1794 instanti-

1204 1837 1333 1899 bus
1366 1840 1721 1898 tuerentur
1768 1831 2113 1915 periculis»,
2145 1850 2350 1913 quam
2385 1838 2465 1894 ut
2508 1830 2804 1913 propriae
2835 1849 3088 1893 consu·

1206 1935 1423 1999 lerent
1464 1941 1535 1997 et
1576 1951 1855 1997 suorum
1899 1932 2131 1996 saluti.
2239 1929 2599 2013 Principes
2640 1931 2877 2012 itaque
2928 1949 3082 2012 per-

1206 2034 1438 2116 spicue
1510 2031 2045 2108 considerante8‚
2110 2029 2293 2112 quod
2361 2048 2585 2112 neque
2645 2031 2731 2093 ab
2796 2030 3084 2107 oriente,

1206 2152 1426 2217 neque
1448 2133 1535 2197 ab
1556 2131 1928 2209 occidente,
1952 2150 2173 2213 neque
2200 2130 2287 2194 ab
2318 2137 2582 2207 austro,
2602 2136 2884 2211 propter
2915 2148 3085 2211 qua·

1207 2232 1493 2296 rundam
1516 2231 1800 2295 vallium
1832 2229 2368 2314 profunditatem
2397 2228 2831 2312 proficerent,
2855 2247 2899 2292 a
2931 2248 3088 2312 sep-

1208 2333 1548 2397 tentrione
1595 2350 1746 2395 eam
1802 2329 2110 2395 obsidere
2156 2328 2576 2408 decernunt3
2637 2329 2724 2393 ab
2776 2348 2865 2392 ea
2921 2349 3090 2411 ergo

1208 2439 1434 2514 porta,
1478 2450 1632 2513 quae
1676 2429 1902 2494 sancti
1957 2427 2287 2511 Stephani
2333 2429 2584 2492 dicitur
2634 2436 2704 2493 et
2747 2429 2837 2492 ad
2887 2429 3088 2511 aqui-

1209 2531 1433 2595 lonem
1467 2530 1768 2613 respicit,
1804 2548 2020 2612 usque
2054 2528 2141 2592 ad
2175 2527 2388 2605 illam,
2424 2548 2580 2611 quae
2612 2529 2823 2592 turris
2856 2529 3089 2593 David

1209 2630 1459 2694 dicitur
1503 2637 1573 2693 et
1623 2629 1694 2693 in
1742 2636 1937 2712 parte
1981 2628 2283 2692 civitatis
2326 2628 2733 2692 occidentali
2774 2629 2916 2692 sita
2960 2637 3088 2703 est,

1213 2737 1444 2793 castra
1499 2728 1715 2793 nostri
1768 2728 2108 2811 principes
2164 2727 2615 2792 locaverunt:
2680 2728 2753 2791 in
2797 2748 3090 2810 quorum

1212 2828 1446 2893 ordine
1502 2827 1645 2891 dux
1703 2826 2120 2892 Godefridus
2182 2827 2444 2909 primus
2499 2828 2701 2905 sedit,
2760 2836 2832 2892 et
2878 2828 3092 2912 juxta

1211 2948 1367 2994 eum
1431 2926 1577 2992 dux
1646 2927 2200 2993 Normannorum
2271 2925 2620 2992 Robertus
2698 2936 2770 2993 et
2849 2928 3092 2992 consul

1216 3028 1655 3094 Flandrensis
1689 3048 1707 3108 ;
1760 3027 1943 3092 circa
1985 3028 2253 3104 turrim,
2297 3047 2453 3109 quae
2498 3029 2585 3093 ab
2619 3028 2876 3110 angulo
2922 3048 3095 3112 qno-

1212 3127 1370 3192 dam
1419 3128 1674 3192 dicitur
1730 3126 2130 3208 AngulariS,
2193 3126 2511 3191 dominns
2570 3127 2979 3192 Tancredus
3026 3135 3094 3192 et

1216 3227 1335 3292 alii
1387 3228 1663 3310 quidam
1722 3246 1878 3290 cum
1937 3246 2019 3291 eo
2078 3227 2340 3291 nobiles
2409 3227 2925 3292 consederunt:
3009 3229 3094 3290 ab

1217 3327 1356 3391 alia
1398 3335 1627 3390 autem
1670 3327 1844 3390 turri
1887 3345 2105 3408 usque
2151 3326 2240 3389 ad
2282 3334 2554 3409 portam
2597 3327 3092 3393 occidentalem

1217 3445 1442 3490 comes
1498 3425 1934 3490 Tholosanus
1990 3444 2146 3488 cum
2212 3426 2356 3489 suis
2412 3426 2795 3509 legionibus
2857 3429 3092 3491 urbem

1215 3525 1515 3602 obsedit3
1550 3531 1815 3607 partem
1844 3544 2122 3589 suorum
2151 3526 2500 3606 agminum
2530 3545 2737 3609 super
2767 3535 3094 3604 montem,

1216 3629 1287 3687 et
1331 3624 1403 3686 in
1454 3642 1590 3705 quo
1641 3623 1886 3688 civitas
1936 3624 2277 3688 aedificata
2332 3632 2462 3702 est,
2518 3625 2699 3689 inter
2740 3627 2983 3690 urbem
3027 3633 3096 3691 et

1215 3721 1596 3800 ecclesiam,
1651 3742 1807 3804 quae
1858 3721 2108 3787 dicitnr
2160 3723 2348 3806 Syon
2398 3732 2468 3788 et
2520 3726 2608 3788 ab
2660 3726 2829 3789 urbe
2880 3726 3096 3790 distat

1216 3828 1548 3905 quantum
1582 3842 1782 3888 arcus
1812 3823 2021 3888 semel
2046 3823 2281 3907 jacere
2309 3833 2560 3907 potest,
2594 3826 2667 3897 in
2693 3825 2908 3908 plaga
2935 3845 3097 3909 sep·

1216 3922 1609 3987 tentrionali
1654 3922 1932 3987 locavit.
2038 3923 2114 3987 Is
2165 3924 2346 3988 enim
2385 3925 2579 3988 locus
2623 3934 2797 4002 erat,
2836 3924 2911 3988 in
2957 3945 3095 4009 quo

1216 4020 1537 4087 Salvator
1588 4042 1743 4087 cum
1812 4022 2163 4105 discipulis
2243 4043 2554 4089 coenasse
2625 4025 2962 4089 asseritur
3026 4033 3097 4089 et

1215 4141 1447 4186 eorum
1484 4122 1689 4205 pedes
1734 4123 2023 4202 lavisse3
2071 4122 2167 4186 ibi
2211 4124 2417 4188 etiam
2451 4123 2750 4207 Spiritus
2794 4124 3095 4190 Sanctus

1215 4240 1421 4304 super
1461 4222 1831 4305 discipulos
1880 4221 2231 4286 descendit
2279 4224 2352 4287 in
2401 4224 2624 4306 igneis
2672 4226 2955 4307 linguiS‚
3001 4225 3097 4290 ibi

1218 4319 1352 4385 Dei
1395 4321 1695 4402 genitrix
1720 4409 1724 4412 ὓ
1745 4322 2063 4386 humanae
2108 4330 2373 4387 naturae
2411 4323 2716 4389 debitum
2760 4325 2996 4401 solvit,
3027 4333 3097 4389 et

1214 4419 1400 4483 beati
1444 4418 1774 4503 Stephani
1817 4423 2339 4506 protomartyris
2385 4424 2821 4508 sepulchrum
2877 4444 3096 4508 usque

1217 4518 1415 4583 hodie
1446 4518 1691 4585 ibidem
1722 4528 2110 4586 veneratur.
