3457 5887
948 1020 1056 1060 Aa).
1080 1022 1191 1062 nov.

945 1917 1196 2008 sm*

944 2018 1086 2058 nond.

1266 833 1395 898 186
1765 850 2026 898 nocnlu
2075 850 2168 897 nn
2213 849 2621 898 wnnnovmt

1265 1007 1394 1071 fuit
1425 1007 1638 1070 abbas
1673 1005 1748 1070 in
1784 1004 2032 1083 insula,
2063 1013 2134 1070 et
2164 1006 2498 1070 comitatu
2527 1005 2612 1070 de
2648 1003 3140 1084 Cantabreggc

1264 1107 1586 1190 episcopo
1615 1105 2078 1170 Lincolniensi
2121 1107 2501 1184 subtracto,
2530 1105 2691 1169 huic
2734 1122 2916 1169 novo
2964 1122 3140 1185 pon-

1264 1206 1431 1271 tifici
1462 1206 1614 1288 lege
1644 1205 2012 1270 diocesana
2032 1205 2396 1290 subjicitur
2422 1205 2812 1269 comitatus.
2875 1202 3142 1268 Eoum

1261 1312 1566 1389 tempore
1616 1306 1689 1369 in
1743 1305 2069 1388 parochia
2129 1304 2451 1387 Legiensi
2501 1322 2716 1388 porca
2761 1302 3141 1388 porcellum

1262 1407 1468 1470 enixa
1527 1412 1633 1470 est
1691 1404 1935 1469 faciem
1987 1404 2281 1469 hominis
2331 1404 2720 1483 habentem,
2772 1411 2844 1469 et
2903 1402 3138 1487 pullus

1262 1505 1538 1588 gallinae
1571 1504 1962 1588 quadrupes
1992 1511 2197 1569 natus
2229 1511 2359 1569 est.

1425 1677 1600 1758 Quod
1636 1677 2041 1744 Booemaemdm
2076 1685 2308 1742 terram
2337 1676 2554 1741 Alea-ii
2581 1676 2979 1762 imperatoris

1978 1776 2403 1863 depopulatur.

1362 1894 1593 1966 Circa¹
1615 1901 1743 1967 hos
1774 1901 2066 1984 denique
2093 1901 2240 1965 dies
2269 1899 2740 1978 Boamundus,
2759 1900 3127 1966 Antioche-

1258 2019 1501 2064 norum
1535 2002 1878 2086 princepS,
1909 2020 2168 2066 memor
2193 2000 2599 2086 injuriarum
2629 2020 2805 2083 quas
2833 2001 3123 2065 Alexius

1257 2101 1651 2184 imperator,
1697 2102 1807 2167 vir
1845 2102 2236 2166 maliciosus
2283 2108 2355 2165 et
2394 2119 2714 2182 nequam,
2753 2102 3125 2184 peregrinis

1262 2199 1815 2285 Hierosolymam
1844 2202 2138 2266 transire
2166 2200 2556 2265 volentibus
2599 2202 2750 2265 sine
2785 2201 3121 2265 intermis-

1260 2300 1450 2365 sione
1496 2301 1873 2384 irrogabat,
1922 2320 2346 2366 communem
2387 2301 2628 2365 volens
2670 2301 2911 2365 ulcisci
2959 2320 3122 2384 que-

1260 2401 1641 2478 rimoniam,
1697 2402 2003 2485 equitum
2060 2401 2360 2484 quinque
2411 2400 2629 2464 millia
2687 2407 2760 2465 et
2818 2401 3122 2483 peditum

1257 2500 1714 2582 quadraginta
1759 2501 1974 2565 millia
1987 2501 2299 2585 ,virorum
2334 2498 2614 2564 sortium
2651 2502 3123 2582 congregavit,

1257 2605 1329 2663 et
1376 2606 1626 2664 terram
1675 2599 1839 2665 dicti
1882 2600 2314 2683 imperatoris
2369 2599 2711 2682 hostiliter
2764 2601 3119 2681 ingressus

1255 2699 1612 2763 universas
1658 2719 1857 2781 paene
1902 2700 2277 2764 maritimas
2325 2700 2531 2763 urbes
2566 2700 2640 2763 in
2674 2699 3117 2782 direptionem

1254 2798 1465 2876 dedit,
1513 2818 1915 2884 omnemque
1970 2799 2255 2883 Epirum
2312 2798 2767 2883 depopulatus
2810 2807 2915 2863 est
2963 2807 3116 2863 tam

1250 2899 1540 2983 primam
1574 2918 1781 2983 quam
1833 2899 2242 2981 secundam;
2286 2905 2358 2964 et
2383 2898 2663 2965 tandem
2694 2898 3117 2965 Duracbium

1252 2999 1595 3077 obsidens,
1636 3000 1829 3084 Epiri
1855 3000 2093 3083 primae
2122 3000 2577 3083 metropolim,
2605 2999 2956 3083 reg-ionem
2986 3019 3116 3064 un-

1251 3099 1457 3183 dique
1509 3100 1840 3164 incendiis
1898 3100 2324 3183 consumpsit
2395 3106 2467 3164 et
2526 3099 2813 3183 rapinis,
2910 3100 3114 3179 Quod

1251 3199 1536 3264 audiens
1599 3201 1972 3282 imperator
2013 3219 2167 3264 cum
2225 3200 2490 3281 ingenti
2529 3199 2781 3264 militia
2841 3200 2915 3263 in
2956 3220 3115 3264 suc-

1250 3318 1523 3363 cursum
1565 3300 1801 3379 venit3
1848 3299 1993 3377 sed,
2035 3299 2646 3365 intervenientibus
2688 3299 2949 3376 amicis,
2983 3301 3114 3363 im-

1249 3405 1525 3481 perator
1555 3398 1781 3462 foedus
1814 3400 1968 3464 iniit
1999 3418 2155 3463 cum
2183 3418 2292 3476 eo,
2319 3398 2739 3482 interpositis
2764 3400 3116 3483 juramen·

1249 3499 1366 3575 tis,
1391 3497 1575 3580 quod
1596 3497 1782 3562 ultra
1803 3497 2063 3563 Christi
2089 3498 2402 3563 fidelibus
2429 3499 2502 3562 in
2528 3498 2857 3563 orientem
2880 3506 3112 3563 trans-

1250 3596 1351 3660 ire
1410 3596 1799 3661 volentibus
1880 3598 2032 3663 sine
2111 3598 2349 3662 fraude
2411 3598 2770 3663 consilium
2832 3599 2921 3663 ad
2976 3601 3115 3664 iter

1248 3695 1707 3779 peragendum
1742 3704 1813 3761 et
1855 3697 2188 3762 auxilium
2229 3699 2674 3776 ministraret,
2707 3705 2801 3776 et,
2842 3700 2944 3764 sic
2977 3699 3115 3763 foe·

1246 3795 1405 3859 dere
1458 3796 1885 3874 confirmato,
1932 3797 2115 3862 idem
2171 3798 2614 3864 Boamundus
2666 3800 2737 3862 in
2782 3798 3114 3882 Apuliam

1244 3894 1618 3975 descendit,
1675 3895 2124 3962 familiaribus
2182 3899 2475 3980 negotiis
2537 3905 2883 3963 evocatus.
2986 3898 3116 3964 Se·

1243 4004 1493 4078 quente
1531 4016 1695 4060 vero
1741 4004 1981 4062 aestate
2024 3997 2186 4061 dum
2217 3997 2654 4063 Antiochiam
2701 3998 2919 4062 redire
2958 3998 3109 4062 dis-

1238 4104 1546 4178 poneret,
1576 4096 1791 4180 copiis
1834 4096 2239 4161 militaribus
2276 4098 2578 4180 undique
2620 4096 2947 4174 collectis,
2976 4116 3110 4162 va-

1236 4194 1379 4259 lida
1429 4196 1835 4279 aegritudine
1886 4205 2237 4280 correptus
2277 4197 2348 4260 in
2384 4197 2534 4263 fata
2571 4198 2946 4276 concessit3
2991 4218 3108 4262 re·

1235 4293 1400 4360 licto
1435 4297 1599 4374 filio,
1631 4297 1903 4360 nomine
1934 4296 2362 4375 Boamund0,
2397 4316 2600 4379 quem
2633 4316 2722 4361 ex
2756 4296 3109 4360 Constan-

1305 4494 1322 4527 ¹
1346 4496 1491 4545 Circa
1507 4497 1591 4546 hos
1608 4532 1623 4546 .
1648 4531 1661 4546 .
1689 4531 1703 4547 .
1725 4496 1873 4559 diem]
1891 4495 2136 4557 Compare
2188 4510 2324 4558 upon
2345 4495 2431 4545 the
2467 4497 2553 4544 oth
2576 4495 2634 4545 of
2649 4495 2885 4556 October,
2904 4510 2957 4556 p.
2974 4498 3107 4555 ⁷⁹8,

1230 4567 1451 4616 william
1482 4567 1541 4615 os
1568 4567 1719 4628 Tyre,
1740 4566 1855 4616 who
1888 4580 2007 4626 says
2030 4565 2140 4614 that
2187 4566 2311 4615 with
2335 4566 2556 4625 Gibbon,
2579 4566 2676 4616 vol.
2699 4565 2770 4614 xi.
2790 4580 2844 4627 p.
2865 4568 2949 4614 99.

1227 4637 1310 4686 the
1352 4636 1638 4699 expedition
1673 4650 1781 4685 was
1825 4635 2135 4686 commenced
