3457 5887
872 757 1144 806 nonus
1189 755 1721 808 mei-ortmann.
2092 742 2224 807 239

351 913 656 998 expulsis
714 914 1060 979 canonicis
1111 915 1578 994 saecularibus,
1632 916 1785 980 loco
1835 935 2072 980 eorum
2116 935 2223 981 re-
2247 937 2355 979 m).
2379 923 2488 978 nco.

350 1014 621 1095 gulares
678 1022 841 1079 sunt
911 1015 1219 1079 canonici
1286 1015 1676 1079 introducti.
1797 1015 1995 1098 Papa
2051 1036 2212 1080 vero

352 1113 505 1177 inde
560 1113 819 1177 Remos
868 1114 1213 1197 profectus
1257 1115 1477 1178 tenuit
1526 1115 1622 1178 ibi
1676 1108 1695 1146 ¹
1711 1115 2099 1193 concilium,
2146 1115 2219 1179 in
2243 1140 2414 1181 emen
2429 1142 2477 1180 σε

354 1232 490 1295 quo
553 1213 881 1277 damnata
939 1221 1049 1278 est
1108 1214 1387 1278 haeresis
1441 1213 1748 1278 Eudonis
1805 1213 2222 1298 pseudopro·
2245 1191 2435 1232 mmm·

355 1312 606 1396 phetae,
671 1312 757 1376 de
806 1312 1003 1397 cujus
1065 1312 1642 1378 incantationibus
1704 1321 1780 1378 et
1839 1313 2221 1396 phantasiis

357 1411 600 1475 melius
650 1419 756 1475 est
808 1413 1009 1476 silere
1055 1432 1264 1496 quam
1315 1413 1523 1495 loqui.
1628 1413 1716 1477 In
1774 1413 1903 1477 hoc
1953 1433 2223 1496 quoque

355 1511 644 1575 concilio
674 1512 1031 1576 constituit
1071 1511 1556 1595 praedicatores
1598 1513 1685 1576 de
1711 1513 1991 1595 negotio
2023 1520 2224 1576 terrae

356 1617 637 1689 sanctae,
680 1629 836 1694 quae
883 1630 966 1676 eo
1003 1619 1308 1695 tempore
1361 1612 1532 1676 adeo
1569 1620 1717 1677 erat
1767 1631 1810 1675 a
1867 1610 2225 1676 Saracenis

356 1729 707 1792 oppressa,
755 1710 938 1793 quod
996 1711 1225 1775 liberis
1277 1711 1693 1776 discursibus
1748 1718 1820 1775 et
1867 1711 2015 1775 sine
2065 1730 2227 1776 con-

357 1808 766 1875 tradictione
809 1829 961 1874 eam
1006 1811 1292 1875 ubilibet
1333 1817 1832 1894 pervagarent3
1881 1809 2095 1892 igitur
2136 1810 2225 1874 ad

358 1909 912 1991 praedicationem
985 1910 1341 1987 Bernardi,
1411 1912 1679 1975 abbatis
1744 1909 2226 1976 Glaraevallen·

358 2008 481 2086 εἰς,
512 2007 893 2086 Conradus,
930 2009 1396 2074 Romanorum
1433 2009 1827 2093 imperator,
1858 2029 2059 2074 cruce
2088 2010 2227 2092 sig-

363 2116 570 2173 natus
621 2116 728 2174 est
776 2116 847 2173 et
889 2128 1042 2173 cum
1087 2129 1168 2173 eo
1209 2109 1566 2174 innumera
1606 2108 1954 2173 hominum
2003 2110 2225 2173 multi·
2353 2141 2358 2146 ·

368 2208 561 2271 tudo.
683 2207 928 2272 Mense
987 2216 1213 2273 autem
1275 2208 1467 2273 Maio
1524 2209 1842 2292 proximo
1902 2216 2228 2291 sequente
2250 2224 2434 2264 cru-nde

369 2306 595 2370 dictus
650 2307 1022 2391 imperator
1070 2308 1205 2372 iter
1266 2308 1839 2391 peregrinationis
1898 2308 2230 2389 arripiens
2252 2275 2515 2414 Q*

368 2405 571 2470 duxit
598 2424 829 2471 secum
858 2407 947 2470 ad
989 2408 1427 2491 septuaginta
1469 2407 1686 2472 millia
1727 2407 2032 2489 equitum
2076 2406 2234 2471 lori-
2259 2424 2359 2464 vn.

365 2513 698 2583 catorum,
750 2508 1059 2589 exceptis
1112 2507 1453 2590 peditibus
1496 2514 1569 2571 et
1607 2506 1940 2590 parvuliS,
1991 2507 2232 2571 mulie-

368 2604 578 2683 ribus,
605 2604 1087 2689 equitibusque
1113 2606 1287 2671 levis
1322 2615 1712 2671 armaturae.
1816 2606 2107 2671 Secutus
2128 2614 2234 2670 est

366 2723 638 2787 quoque
696 2704 891 2769 illum
938 2705 1367 2784 Lodowicus,
1412 2727 1537 2771 rex
1584 2707 2030 2784 Francorum,
2078 2726 2230 2771 cum

365 2823 504 2867 non
546 2804 794 2868 minori
835 2824 1117 2870 numero
1161 2814 1600 2884 armatorum,
1644 2806 1764 2889 qui
1807 2806 2230 2889 propositum

367 2903 700 2969 habentes
778 2906 1193 2987 segregatim
1266 2904 1614 2984 invadere,
1680 2912 1760 2970 ut
1820 2904 2237 2971 commodius

367 3002 505 3067 sibi
527 3003 689 3067 vitae
720 3006 1105 3069 necessaria
1134 3013 1205 3070 et
1227 3005 1559 3090 jumentis
1592 3005 1847 3088 pabula
1877 3025 2014 3069 non
2045 3004 2236 3069 dees-

370 3108 554 3179 sent,
581 3102 900 3186 [profecti
922 3106 1139 3186 sunt.]
1193 3098 1656 3170 ²Transcursa
1681 3104 1917 3187 itaque
1940 3104 2240 3169 Bavaria

366 3209 446 3267 et
485 3202 805 3267 Danubio
847 3202 1146 3282 flumine,
1184 3203 1493 3282 Austria,
1529 3204 1898 3286 Hungaria
1936 3211 2009 3268 et
2051 3210 2239 3267 utra·

368 3321 512 3383 que
584 3301 968 3381 Pannonia,
1048 3304 1506 3385 Bulgarorum
1575 3304 1784 3368 etiam
1845 3302 2239 3387 provinciis,

369 3400 633 3465 Moesia
665 3408 738 3466 et
774 3402 1022 3480 Dacia,
1053 3404 1327 3468 tandem
1365 3404 1434 3467 in
1469 3402 1834 3467 Thraciam
1876 3403 2242 3468 descende-

367 3508 561 3564 runt.
674 3501 851 3565 Inde
886 3501 1548 3586 Constantinopolim
1581 3503 2055 3585 pervenientes
2085 3521 2235 3566 cum

365 3600 785 3682 imperatore
822 3601 1144 3667 Manuele
1186 3602 1600 3685 colloquium
1637 3601 2061 3681 habuerunt;
2122 3602 2240 3666 de·

365 3700 535 3764 iude
580 3701 874 3766 transito
926 3701 1406 3785 Hellesponto,
1448 3701 1743 3784 Europae
1798 3703 2108 3779 termino,
2166 3701 2241 3764 in

364 3799 799 3882 Bithyniam,
832 3820 987 3883 quae
1019 3803 1239 3884 prima
1266 3810 1372 3867 est
1414 3821 1505 3867 ex
1533 3800 1818 3865 Asianis
1849 3800 2241 3885 provinciis,

363 3897 435 3963 in
494 3918 675 3981 pago
722 3898 1212 3966 calcedonensi
1255 3909 1485 3966 castra
1534 3909 1945 3966 statuerunt.
2047 3898 2245 3964 Tunc

363 3998 750 4082 imperator
768 4000 1236 4065 Romanorum
1250 4000 1630 4078 Conradus,
1658 3999 2052 4084 transjectis
2072 3999 2246 4063 Bos-

363 4098 664 4180 phorum
723 4099 1105 4182 legionibus
1158 4101 1327 4178 suis,
1384 4109 1454 4165 et
1510 4100 1904 4183 relinquens
1960 4118 2004 4162 a
2073 4097 2252 4163 laeva

436 4261 451 4293 ¹
480 4263 799 4328 Concilium]
845 4265 1006 4314 There
1028 4281 1161 4315 were
1187 4272 1290 4314 two
1338 4266 1446 4314 The
1474 4266 1673 4315 council
1706 4265 1764 4315 of
1791 4265 1996 4314 Rheims
2029 4278 2139 4313 was
2169 4269 2254 4313 not

365 4334 602 4382 councils
622 4333 740 4382 held
762 4335 811 4382 in
835 4334 935 4383 this
957 4350 1078 4396 year
1108 4351 1173 4385 on
1204 4336 1289 4384 the
1340 4335 1458 4385 held
1480 4336 1608 4384 until
1630 4340 1733 4386 two
1753 4349 1900 4397 years
1919 4334 2234 4385 aster-wardo.

369 4404 574 4465 subject
594 4403 652 4452 of
677 4404 761 4453 the
793 4404 1050 4467 crusades,
1081 4405 1165 4455 the
1197 4419 1291 4454 one

371 4473 784 4535 atveoelay‚the
804 4474 946 4524 other
966 4474 1291 4535 athartres3
1407 4470 1806 4543 'Tmen-n]
1860 4474 2003 4525 Win.
2040 4474 2160 4535 Tyr.
2204 4489 2257 4535 p.

376 4542 568 4593 Barca.
613 4542 799 4594 Annal.
842 4542 1170 4610 adau.§1.
1212 4548 1292 4596 11.
1338 4548 1454 4595 901.
