3457 5887
973 840 1247 890 nones
1294 839 1829 890 ms'romAnma.
2205 825 2337 892 269

451 977 775 1042 introitus
820 984 926 1041 est
970 978 1121 1041 caeli
1177 984 1249 1040 et
1297 975 1589 1039 caelestis
1648 975 1990 1059 paradisi3
2057 975 2332 1059 quando
2355 996 2465 1037 Am.
2487 996 2599 1036 115³.

453 1079 630 1140 enim
687 1077 900 1160 aliqui
960 1095 1005 1140 a
1070 1077 1266 1140 nobis
1331 1075 1681 1152 recedunt,
1743 1075 1903 1139 hinc
1956 1075 2028 1139 in
2089 1076 2332 1140 caelum
2353 1045 2653 1188 ffiff?

454 1177 859 1255 ascendunt,
918 1183 989 1240 et
1050 1176 1377 1258 quamdiu
1436 1174 1545 1238 hic
1596 1194 1972 1253 manemus,
2028 1176 2335 1257 quotidie
2386 1174 2399 1186 '

455 1276 666 1340 semel
714 1277 939 1359 pascit
980 1295 1107 1340 nos
1138 1276 1290 1340 cibo
1325 1274 1583 1338 caelesti
1614 1275 1832 1353 Deus,
1876 1283 1948 1339 et
1991 1276 2179 1358 quali
2221 1275 2333 1339 hic

456 1395 820 1459 pascamur
853 1377 1029 1450 cibo,
1063 1376 1417 1439 nobiscum
1462 1375 1716 1438 senties
1753 1375 1901 1459 jam
1945 1374 2334 1457 gustando?

457 1476 603 1541 Vix
636 1495 946 1540 sermone
977 1474 1196 1552 finito,
1227 1482 1298 1538 et
1324 1493 1499 1549 ‚ecce
1544 1475 1744 1557 quasi
1779 1475 2010 1539 radius
2038 1474 2332 1539 flammae

455 1575 636 1657 ignis
700 1575 785 1640 de
862 1574 1031 1639 caelo
1094 1574 1511 1638 descendens
1579 1575 1877 1656 patriam
1940 1581 2157 1639 totam
2218 1594 2333 1639 co-

459 1675 746 1757 operuit,
783 1683 853 1738 et
897 1675 1096 1758 quasi
1140 1694 1262 1757 per
1304 1673 1535 1738 radios
1578 1693 1785 1756 super
1827 1675 2060 1758 capita
2100 1675 2336 1757 singu-

457 1774 681 1839 lorum
731 1774 1093 1840 subsidens
1136 1773 1415 1838 flamma
1459 1773 1733 1837 demum
1778 1781 1928 1839 tota
1968 1774 2039 1837 in
2085 1775 2184 1838 eis
2228 1776 2335 1838 in·

457 1875 714 1955 travit3
780 1873 960 1938 unde
1008 1874 1203 1937 miles
1253 1880 1520 1938 tantam
1572 1873 1953 1938 dulcedinis
2008 1874 2081 1937 in
2129 1874 2335 1940 corde

458 1975 666 2038 simul
727 1981 799 2038 et
859 1993 1143 2056 corpore
1203 1973 1420 2036 sensit
1476 1974 1914 2051 suavitatem,
1973 1974 2156 2056 quod
2212 1976 2335 2039 vix

455 2074 828 2149 intellexit,
881 2080 1113 2137 utrum
1154 2072 1352 2135 vivus
1400 2091 1490 2135 an
1538 2080 1851 2137 mortuus
1894 2074 2159 2151 fuisset,
2213 2076 2334 2139 sed

462 2173 637 2238 hora
666 2173 789 2236 illa
813 2171 885 2235 in
913 2178 1258 2237 momento
1289 2170 1633 2235 transivit.
1739 2172 1848 2237 Ibi
1886 2172 2083 2236 miles
2120 2174 2339 2239 liben-

465 2280 572 2337 ter
627 2273 699 2335 in
747 2290 971 2335 aevum
1022 2278 1352 2348 maneret,
1404 2271 1465 2334 si
1514 2271 1644 2334 sibi
1702 2270 1833 2335 hiis
1886 2272 2148 2336 deliciis
2207 2274 2342 2339 frui

463 2373 723 2449 liceret,
767 2371 887 2435 sed
931 2375 1096 2453 post
1116 2370 1301 2434 -talia
1343 2376 1677 2453 tantaque
1719 2371 2035 2455 jucunda
2077 2373 2139 2437 ei
2186 2374 2343 2437 tris-

463 2472 563 2536 tia
603 2472 1013 2547 referuntur,
1047 2476 1067 2504 ‘
1089 2469 1482 2548 Quoniam,’
1529 2471 1849 2554 inquiunt
1895 2472 2119 2536 sancti
2167 2492 2343 2556 prae-

462 2570 669 2647 sules,
705 2576 726 2605 ‘
750 2578 823 2635 et
871 2570 1176 2652 requiem
1223 2572 1605 2648 beatorum,
1669 2578 1747 2635 ut
1790 2572 2217 2650 desiderasti,
2270 2581 2339 2638 et

462 2677 806 2736 tormenta
851 2671 1189 2734 malorum
1238 2689 1418 2736 nunc
1464 2690 1589 2753 pro
1644 2679 1841 2753 parte
1894 2670 2339 2756 conspexisti,

461 2766 735 2855 oportet
777 2778 848 2835 te
882 2770 1056 2853 Jam,
1101 2778 1181 2834 ut
1225 2790 1346 2852 per
1388 2770 1674 2834 eandem
1717 2772 1928 2848 viam,
1967 2792 2105 2854 qua
2129 2792 2339 2838 vene·

462 2890 602 2950 raS,
636 2870 1042 2952 revertaris3
1086 2870 1147 2932 si
1183 2878 1439 2948 autem,
1490 2870 1672 2953 quod
1722 2872 1927 2950 absit,
1965 2873 2144 2936 male
2182 2874 2339 2937 vix·

465 2973 601 3037 eris
636 2970 882 3035 amodo
928 2970 1011 3033 ad
1062 2970 1363 3035 seculum
1414 2990 1753 3050 reversuS,
1793 2972 2030 3037 vidisti
2081 2981 2342 3056 quanta

465 3081 536 3136 te
580 3078 985 3153 exspectant
1027 3077 1390 3148 tormenta,
1442 3071 1503 3134 si
1541 3090 1707 3136 vero
1749 3073 1924 3135 bene
1966 3072 2227 3137 vixeris
2271 3081 2341 3138 et

465 3171 809 3253 religiose,
869 3188 1147 3234 securus
1206 3178 1380 3245 esto,
1446 3171 1612 3253 quia
1659 3170 1793 3235 huc
1852 3171 1939 3235 ad
2009 3192 2137 3237 nos
2187 3193 2340 3256 per-

465 3272 702 3335 venies
745 3269 1019 3352 quando
1065 3269 1149 3333 de
1189 3288 1475 3353 corpore
1510 3270 1757 3336 exibis.
1860 3270 1947 3335 In
1992 3272 2129 3337 isto
2171 3292 2340 3355 quo-

469 3391 606 3455 que
641 3370 886 3446 reditu,
941 3389 1079 3451 quo
1118 3388 1297 3433 nunc
1351 3372 1737 3448 reverteris,
1786 3390 1912 3436 nec
1954 3372 2340 3437 daemonum

468 3477 813 3535 tormenta
869 3468 1287 3545 formidabis,
1339 3470 1503 3552 quia
1549 3469 1894 3536 daemones
1946 3471 2034 3536 ad
2081 3480 2152 3537 te
2202 3493 2342 3537 non

465 3570 816 3634 audebunt
859 3569 1204 3646 accedere,
1256 3588 1381 3634 nec
1425 3577 1768 3635 tormenta
1812 3570 1937 3635 tibi
1992 3581 2338 3655 poterunt,

468 3689 625 3753 quae
646 3669 904 3746 vidisti,
943 3669 1235 3734 nocere.'
1322 3668 1519 3733 Tunc
1552 3669 1748 3734 miles
1779 3669 1952 3735 fiens
1980 3679 2050 3736 et
2074 3672 2340 3757 ejulans

468 3770 591 3847 ait,
620 3775 641 3805 ‘
663 3768 852 3832 Hinc
882 3768 1230 3834 discedere
1263 3788 1401 3833 non
1428 3768 1653 3847 valeo,
1684 3768 1849 3852 quia
1878 3770 2080 3835 valde
2108 3773 2340 3851 timeo,

468 3889 554 3934 ne
593 3888 714 3953 per
741 3868 1182 3950 fragilitatem
1227 3868 1543 3933 humanae
1586 3870 1878 3934 miseriae
1921 3870 2178 3955 aliquid
2222 3872 2341 3936 de·

466 3970 798 4054 linquam,
827 3968 1010 4050 quod
1043 3987 1152 4031 me
1174 3968 1499 4051 impediat
1527 3968 1661 4032 huc
1693 3969 1963 4034 redire.'
2084 3976 2105 4006 ‘
2128 3971 2342 4049 Non,’

465 4070 811 4152 inquiunt,
840 4073 860 4101 ‘
883 4068 1063 4132 sicut
1090 4074 1168 4131 tu
1200 4068 1331 4146 vis,
1366 4068 1517 4146 erit,
1547 4069 1667 4133 sed
1702 4069 1884 4133 sicut
1913 4068 2067 4148 Ille,
2107 4072 2228 4154 qui
2271 4080 2342 4136 et

465 4190 596 4235 nos
630 4177 700 4234 et
728 4176 797 4232 te
842 4167 1026 4246 secit,
1053 4166 1372 4244 voluerit,
1403 4168 1505 4233 ita
1531 4167 1697 4233 fiet.’
1799 4168 2107 4234 Moerens
2130 4171 2343 4253 igitur

467 4279 539 4335 et
566 4269 813 4352 lugens
847 4268 1041 4332 miles
1072 4268 1158 4331 ab
1181 4269 1278 4332 eis
1307 4266 1653 4332 reducitur
1684 4267 1770 4331 ad
1803 4278 2094 4351 portam,
2132 4279 2225 4348 et,
2260 4291 2342 4334 eo

466 4377 711 4435 contra
734 4366 1163 4433 voluntatem
1191 4387 1387 4432 suam
1416 4388 1716 4451 egresso,
1759 4368 2105 4434 clauditur
2146 4377 2347 4453 porta

466 4477 628 4552 post
655 4471 905 4552 ipsum.
