3457 5887
1109 823 1241 889 442
1613 835 1882 886 noenu
1927 836 2020 883 ns
2064 834 2479 884 wsunovsn

1251 1067 1471 1135 Utro-z·
1499 1064 2835 1150 HmriomcumRiohardofiliomopaoem

1793 1166 2294 1250 manassem-it.

791 1303 1038 1395 &Eadm
1215 1284 1506 1360 Eodem¹
1545 1312 1753 1370 anno,
1792 1292 1867 1357 in
1911 1290 2213 1357 crastino
2258 1287 2663 1354 festivitatis
2712 1296 2989 1371 aposto-

799 1404 984 1453 σενα-σο
1114 1392 1336 1459 lorum
1370 1393 1564 1459 Petri
1592 1400 1665 1458 et
1692 1391 1919 1468 Pauli,
1952 1409 2179 1456 comes
2220 1388 2571 1453 Flandriae
2602 1386 2991 1472 Philippus,

794 1454 1043 1552 mmm
1114 1501 1188 1559 et
1215 1493 1623 1570 willelmus,
1650 1491 2017 1557 Remensis
2057 1488 2638 1572 archiepiscopus,
2657 1496 2729 1553 et
2746 1487 2992 1570 Hugo,

1113 1594 1258 1658 dux
1297 1591 1746 1675 Burgundiae,
1779 1598 2114 1657 venerunt
2157 1589 2343 1672 apud
2395 1587 2686 1653 Saumur
2729 1588 2818 1653 ad
2871 1608 2989 1652 re·

1111 1712 1266 1776 gem
1307 1690 1693 1774 Anglorum
1743 1691 1833 1756 ad
1882 1688 2422 1773 componendum
2477 1689 2649 1752 inter
2694 1707 2850 1752 eum
2902 1694 2986 1752 et

1111 1811 1342 1875 regem
1393 1792 1817 1856 Francorum
1860 1797 1932 1854 et
1978 1788 2424 1865 Richardum,
2467 1788 2772 1852 comitem
2813 1786 2984 1852 Pic-

1114 1898 1453 1956 tavorum.
1554 1890 1832 1956 Habuit
1869 1896 2101 1954 autem
2137 1907 2368 1954 comes
2406 1886 2795 1953 Richardus
2822 1887 2985 1951 Bri-

1117 1997 1315 2056 tones
1361 1990 1868 2057 confoederatos
1918 2008 2075 2054 cum
2133 1986 2711 2063 Pictaviensibus,
2759 1986 2878 2070 qui
2944 2005 2994 2050 a

1117 2110 1282 2173 rege
1367 2091 1787 2156 Francorum
1853 2089 2091 2154 literas
2163 2093 2481 2171 patentes
2556 2094 2991 2169 acceperant,

1117 2190 1302 2272 quod
1355 2191 1505 2275 ipse
1545 2190 1938 2256 nullatenus
1974 2207 2132 2253 cum
2174 2206 2339 2269 rege
2370 2184 2760 2269 Anglorum
2800 2205 2991 2250 com-

1115 2297 1425 2373 poneret,
1466 2289 1598 2356 uisi
1639 2296 1712 2354 et
1742 2289 1877 2373 ipsi
1907 2289 1981 2352 in
2011 2306 2182 2371 pace
2209 2286 2464 2352 fuerint
2491 2284 2988 2369 comprehensi.

1118 2388 1397 2455 Interea
1432 2409 1597 2455 vero
1648 2408 1775 2454 rex
1823 2388 2243 2453 Francorum
2291 2394 2364 2452 et
2415 2385 2828 2463 Richardus,
2872 2405 2992 2450 co-

1114 2508 1262 2553 mes
1293 2488 1762 2567 Pictavorum,
1793 2488 2146 2555 civitatem
2180 2485 2599 2551 Turonicam
2629 2485 2988 2550 obsidione

1115 2589 1493 2671 cingentes,
1537 2589 1853 2673 proximo
1896 2588 2007 2653 die
2041 2586 2260 2651 Lunae
2309 2593 2470 2670 post
2515 2585 2761 2650 festum
2800 2605 2993 2667 prae-

1115 2687 1358 2766 fatum,
1421 2708 1514 2754 ex
1559 2695 1759 2773 parte
1812 2687 2081 2770 Ligeris
2134 2685 2458 2764 fluminis,
2512 2704 2655 2769 prae
2698 2684 2986 2749 modici-

1115 2794 1260 2852 tate
1291 2807 1516 2871 aquae,
1557 2788 1766 2854 scalis
1796 2806 1994 2852 muro
2032 2785 2421 2869 applicatis,
2453 2785 2787 2850 violenter
2814 2784 2992 2848 civi-

1117 2892 1332 2952 tatem
1372 2895 1700 2973 ceperunt
1733 2894 1805 2954 et
1831 2886 1904 2952 in
1936 2905 2021 2952 ea
2048 2885 2301 2951 milites
2333 2885 2702 2968 sexaginta
2736 2902 2993 2950 novem

1114 2993 1189 3050 et
1238 2995 1513 3053 centum
1560 2989 1963 3054 servientes.
2062 2985 2261 3051 Tunc
2314 3005 2437 3050 rex
2475 2983 2865 3068 Anglorum
2915 2986 2990 3048 in

1113 3093 1308 3153 arcto
1353 3087 1769 3154 constitutus
1816 3106 2057 3172 pacem
2090 3086 2222 3151 sihi
2262 3086 2729 3170 turpissimam
2759 3085 2991 3150 facere

1114 3187 1507 3270 compulsus
1549 3195 1657 3253 est
1686 3187 1762 3252 in
1793 3187 1976 3252 hunc
2007 3185 2325 3265 modum;
2392 3185 2555 3251 Rex
2594 3183 2986 3267 Anglorum

1114 3303 1190 3350 se
1233 3286 1467 3370 posuit
1510 3306 1601 3352 ex
1650 3295 1801 3352 toto
1844 3286 1919 3351 in
1962 3285 2246 3351 consilio
2296 3287 2479 3368 regis
2536 3284 2987 3361 Francorum,

1115 3385 1219 3450 ita
1249 3384 1461 3469 quod,
1496 3386 1821 3470 quicquid
1866 3385 2050 3451 idem
2086 3404 2215 3450 rex
2251 3385 2641 3468 provideret
2681 3384 2797 3449 vel
2837 3383 2988 3449 fieri

1104 3484 1473 3568 judicaret,
1526 3505 1653 3551 rex
1692 3484 1971 3568 Angliae
2025 3484 2174 3549 sine
2214 3484 2756 3550 contradictione
2796 3502 2985 3549 com·

1109 3585 1357 3668 pleret.
1459 3585 1659 3651 Tunc
1714 3605 1842 3652 rex
1901 3583 2286 3667 Anglorum
2344 3583 2491 3667 regi
2558 3583 2984 3650 Francorum

1111 3683 1277 3750 fecit
1308 3684 1726 3769 homagium,
1764 3685 1929 3769 quia
1959 3685 2032 3749 in
2078 3683 2411 3768 principio
2459 3682 2669 3767 hujus
2714 3703 2979 3766 guerras

1105 3781 1504 3867 homagium
1552 3804 1782 3851 ¹suum
1857 3783 2249 3850 reddiderat
2323 3784 2473 3866 regi
2536 3783 2973 3848 Francorum.

1111 3881 1478 3949 Provisum
1499 3892 1608 3949 est
1622 3886 1930 3969 insuper,
1951 3891 2034 3950 ut
2045 3881 2304 3961 Alesia,
2327 3902 2527 3950 soror
2554 3883 2726 3965 regis
2749 3882 2975 3946 Frau-

1109 4000 1366 4061 corum,
1417 3982 1819 4050 redderetur
1868 3986 1944 4049 in
1988 3984 2302 4050 custodia
2340 3984 2611 4049 comitis
2649 3981 2979 4048 Richardi

1110 4101 1326 4165 usque
1353 4082 1444 4147 ad
1484 4082 1783 4148 reditum
1816 4102 2018 4148 suum
2064 4083 2151 4148 de
2191 4083 2735 4167 peregrinatione
2772 4090 2979 4147 terrae

1109 4189 1392 4261 sanctae,
1415 4190 1495 4247 ut
1532 4190 1700 4247 tunc
1738 4182 1929 4247 illam
1968 4182 2252 4248 duceret
2279 4184 2350 4246 in
2388 4202 2702 4247 uxorem.
2804 4181 2982 4246 Pro-

1107 4283 1333 4347 visum
1386 4290 1493 4347 est
1550 4283 1783 4362 etiam,
1834 4283 2015 4367 quod
2078 4302 2304 4348 comes
2354 4282 2745 4347 Richardus
2805 4282 2985 4346 acci-

1107 4390 1303 4464 peret
1327 4383 1651 4466 homagia
1676 4382 2028 4448 hominum
2062 4383 2148 4446 de
2180 4383 2492 4448 omnibus
2523 4382 2725 4447 terris
2762 4382 2985 4465 patris

1243 4599 1259 4632 ¹
1277 4603 1459 4651 Eodem
1479 4601 1645 4666 annm]
1679 4603 1943 4667 Hoveden,
1963 4618 2017 4665 p.
2040 4606 2165 4663 6525
2194 4601 2450 4651 Benedict.
2474 4603 2609 4652 Abb.
2632 4617 2686 4664 p.
2711 4606 2829 4652 545.
