3457 5887
1170 818 1257 884 16
1679 834 1945 884 noenu
1993 836 2085 883 nn
2130 834 2538 885 wunnovna

845 1005 1087 1050 A.n.1o⁷4.
1163 991 1368 1057 lelmo
1396 992 1719 1074 congredi
1752 1012 1889 1057 non
1923 993 2272 1057 audentes.
2354 992 2612 1057 Eodem
2639 1010 2820 1057 anno
2839 985 2855 1023 ¹
2874 991 3033 1056 Edi-

1163 1091 1284 1155 tha
1313 1092 1575 1173 regina,
1595 1092 1856 1157 decimo
1875 1091 2115 1175 quinto
2144 1091 2474 1157 kalendas
2494 1090 2541 1155 J
2545 1092 2833 1168 anuarii,
2853 1093 3028 1174 apud

1159 1191 1583 1256 wintoniam
1645 1192 1969 1272 migravit
2022 1191 2108 1255 ad
2164 1191 2558 1268 Dominum,
2605 1198 2700 1268 et,
2739 1190 3023 1275 jubente

1160 1308 1346 1372 rege,
1399 1290 1582 1373 apud
1618 1289 2306 1355 westmonasterium
2350 1290 2623 1373 sepulta
2667 1297 2775 1354 est
2824 1291 3028 1374 juxta

1160 1389 1381 1454 virum
1412 1408 1610 1453 suum
1644 1409 1873 1471 regem
1907 1389 2341 1454 Edwardum.

1416 1558 1589 1638 Quod
1614 1580 1801 1624 comes
1836 1559 2198 1644 Woltlooofus
2223 1560 2422 1645 capite
2435 1559 2758 1645 privatur.

837 1702 945 1742 nn.
968 1701 1078 1743 1075.
1259 1681 1460 1747 Anno
1490 1683 1770 1747 Domini
1803 1699 2089 1748 mxxv,
2121 1702 2246 1747 rex
2273 1683 2662 1748 willelmus
2703 1684 3025 1766 praecepit

1155 1781 1619 1846 Weltheofum
1660 1783 1975 1846 comitem
2020 1782 2094 1846 in
2123 1781 2478 1846 Wintonia
2522 1801 2731 1864 poena
2777 1784 3020 1866 capitis

1154 1882 1434 1964 privari,
1468 1888 1540 1946 et
1566 1888 1768 1946 extra
1800 1881 2147 1945 civitatem
2190 1881 2262 1944 in
2295 1881 2480 1946 bivio
2508 1880 2823 1963 sepeliri3
2876 1882 3017 1959 sed,

1155 1999 1477 2063 processu
1499 1980 1851 2063 temporis,
1877 1999 2127 2062 corpus
2149 1980 2299 2063 ejus
2322 1980 2640 2044 effossum
2665 1980 2754 2044 ad
2777 1982 3021 2063 sepeli·

1155 2079 1403 2143 endum
1420 2099 1574 2143 cum
1591 2098 1844 2161 magno
1861 2077 2117 2144 honore
2130 2078 2589 2143 Croilandiam
2600 2079 3015 2162 deportatur.

835 2193 1018 2283 {mum
1035 2194 1080 2235 ιιι
1153 2175 1262 2242 Ac
1282 2178 1525 2243 deinde
1549 2198 1673 2242 rex
1700 2178 1790 2241 ad
1810 2176 2327 2242 Armoricanam
2348 2178 2779 2242 Britanniam
2801 2186 3021 2243 trans·

872 2244 1053 2295 “m''
1151 2277 1298 2341 iens
1342 2277 1643 2342 Dolense
1695 2283 1994 2341 castrum
2043 2277 2333 2353 obsedit,
2382 2277 2502 2342 sed
2551 2296 2676 2341 rex
2719 2277 3017 2342 Franco·

1149 2394 1300 2440 rum
1350 2377 1689 2442 hostiliter
1719 2376 2204 2459 superveniens
2258 2395 2456 2441 omne
2498 2377 2600 2440 eis
2643 2376 3017 2441 subsidium

1148 2475 1362 2540 vitale
1403 2476 1771 2558 subtegat3
1832 2474 2011 2539 unde
2045 2494 2193 2552 rex,
2224 2474 2574 2540 obsidione
2606 2475 2908 2552 dimissa,
2944 2477 3017 2540 in

1148 2593 1421 2639 recessu
1463 2594 1591 2639 suo
1636 2574 1889 2638 milites
1929 2574 2183 2638 multos
2224 2581 2296 2637 et
2326 2593 2538 2657 equos
2579 2593 2734 2638 cum
2774 2576 3014 2657 opibus

1146 2672 1393 2737 ibidem
1449 2673 1700 2739 amisit.
1804 2672 1955 2736 Nec
2000 2672 2217 2737 multo
2272 2680 2431 2754 post
2475 2691 2672 2756 reges
2724 2674 3015 2755 praefati,

1146 2769 1306 2835 licet
1346 2772 1536 2835 brevi
1582 2778 1908 2853 tempore,
1942 2771 2015 2834 in
2054 2772 2484 2837 concordiam
2527 2781 3009 2837 convenerunt.

1148 2869 1406 2935 Eodem
1441 2888 1619 2935 anno
1651 2871 1829 2936 idem
1850 2870 2260 2949 WillelmuS,
2289 2871 2401 2936 die
2432 2879 2671 2935 sancto
2702 2870 3008 2951 Paschae,

1142 2969 1217 3033 in
1268 2971 1556 3036 ecclesia
1603 2971 1973 3036 Fischanni
2021 2970 2232 3035 filiam
2281 2989 2477 3036 suam
2521 2971 2845 3038 Ceciliam
2892 2974 3010 3037 ob-

1144 3070 1303 3135 tulit
1337 3071 1490 3136 Deo
1518 3071 2069 3136 consecrandam.
2171 3069 2309 3133 Per
2337 3070 2516 3135 idem
2560 3077 2830 3154 tempus
2862 3070 3006 3135 Ro-

1142 3170 1399 3248 bertus,
1428 3170 1761 3235 Willelmi
1801 3171 1985 3252 regis
2023 3168 2228 3246 filius,
2263 3169 2373 3234 cui
2413 3168 2593 3233 idem
2632 3190 2781 3247 rex,
2816 3179 3007 3235 ante·

1143 3288 1350 3351 quam
1381 3268 1708 3350 Angliam
1741 3267 2167 3351 subjugaret,
2204 3268 2697 3333 Normanniam
2732 3269 3009 3335 dederat

1142 3384 1372 3430 coram
1393 3366 1714 3450 Philippo
1738 3366 2156 3430 Francorum
2178 3385 2361 3448 rege,
2378 3361 2607 3445 'nunc,
2629 3369 2795 3451 quia
2813 3377 3008 3451 pater

1142 3463 1284 3529 filio
1340 3483 1493 3529 eam
1546 3466 1893 3549 possidere
1955 3485 2093 3530 non
2145 3467 2606 3548 permittebat,
2662 3466 3006 3533 Robertus

1142 3562 1507 3628 Franciam
1537 3565 1730 3642 adiit,
1761 3572 1832 3630 et
1858 3565 2118 3630 auxilio
2150 3565 2454 3648 ejusdem
2481 3567 2665 3648 regis
2689 3586 3006 3649 magnam

1136 3661 1525 3746 frequenter
1567 3665 1639 3728 in
1682 3664 1753 3729 N
1755 3664 2111 3729 ormannia
2158 3664 2458 3747 praedam
2503 3667 2776 3748 agebat,
2805 3667 3006 3731 villas

1136 3764 1600 3841 comburebat,
1664 3764 1969 3829 homines
2031 3763 2427 3847 perimebat,
2484 3773 2556 3828 et
2625 3764 2806 3847 patri
2876 3786 3000 3830 suo

1137 3880 1274 3927 non
1315 3864 1648 3929 modicam
1675 3865 2092 3928 anxietatem
2131 3870 2200 3927 et
2242 3863 2620 3927 molestiam
2646 3863 3001 3929 inferebat.

1138 3961 1339 4027 Unde
1394 3982 1519 4027 rex
1571 3961 1983 4039 Willelmus,
2046 3969 2288 4026 contra
2348 3961 2726 4026 Robertum
2789 3963 2999 4027 filium

1131 4080 1327 4126 suum
1364 4063 1615 4127 bellum
1643 4080 1880 4145 agens,
1900 4055 2121 4144 ⁸apud
2149 4059 2478 4126 Gerberai
2505 4068 2803 4125 castrum
2831 4062 3001 4127 Gal-

1202 4322 1222 4354 ¹
1246 4321 1477 4395 Edam]
1510 4328 1527 4356 ‘
1547 4322 1882 4391 Eadgithfoo‚⁹
1920 4328 2042 4378 Sax.
2093 4321 2280 4374 clu-on.
2301 4326 2401 4374 and
2425 4326 2679 4388 Florence,
2699 4329 2753 4377 in
2774 4329 2858 4378 the
2881 4345 2999 4391 year

1132 4393 1318 4445 cm.
2088 4395 2996 4518 &mmmmm

1196 4492 1218 4524 '
1240 4491 1427 4566 Nm]
1450 4498 1716 4606 ‘Nempff
1742 4500 1800 4548 C·
2086 4547 2221 4594 upon
2252 4534 2337 4583 the
2371 4481 2634 4597 discovery
2660 4474 2995 4599 imme‘g'mly

1195 4593 1216 4624 ³
1235 4593 1381 4659 Apud
1419 4594 1695 4659 Ger-bema]
1732 4595 1839 4644 The
1871 4597 2037 4648 Saxon
2087 4617 2213 4665 gave
2233 4619 2305 4666 up
2327 4603 2406 4654 his
2426 4620 2542 4654 own
2562 4605 2708 4656 horse
2729 4611 2782 4656 to
2801 4607 2921 4658 him.
