3457 5887
1236 838 1366 903 118
1737 852 2002 900 nocam
2051 852 2145 899 ns
2188 851 2600 900 wmmovssa

917 1026 1025 1067 m>-
1045 1028 1155 1066 1⁰⁹&
1239 1018 1311 1075 et
1338 1010 1721 1092 gloriantur
1754 1010 1827 1072 in
1856 1010 2114 1073 virtute
2144 1026 2304 1086 sua;
2334 1013 2612 1071 contere
2645 1005 3110 1070 fortitudinem

918 1076 1216 1172 gemme·-
1239 1110 1534 1186 illorum,
1561 1109 1882 1185 Domine,
1910 1115 1982 1173 et
2023 1107 2342 1190 disperge
2374 1107 2555 1183 illos,
2584 1113 2668 1170 ut
2696 1113 3116 1186 cognoscant

1241 1210 1405 1292 quia
1444 1229 1583 1274 non
1622 1215 1728 1273 est
1785 1208 1964 1272 alius
2010 1208 2163 1289 [qui
2210 1206 2505 1289 pugnet]
2548 1225 2673 1288 pro
2719 1205 2945 1282 nobiS,
2990 1205 3116 1268 nisi

1242 1317 1317 1372 tu
1380 1308 1574 1373 Deus
1632 1308 1910 1372 noster.’
2014 1305 2194 1369 Haec
2251 1313 2323 1370 et
2384 1305 2522 1369 alia
2555 1304 2908 1368 sacerdos
2965 1323 3114 1367 cum

1238 1407 1553 1486 dixisset,
1586 1407 1882 1490 populus
1910 1407 2130 1470 omnis
2167 1405 2404 1469 statim
2435 1404 2523 1468 ad
2552 1404 2932 1468 lamentum
2963 1423 3116 1468 con-

1242 1508 1558 1584 vertitur,
1588 1513 1660 1571 et
1697 1506 1784 1570 de
1812 1512 2047 1570 reatus
2087 1505 2198 1568 sui
2226 1504 2654 1568 confessione
2685 1503 2865 1567 alius
2907 1503 3117 1566 alium

1244 1607 1680 1686 cohortatur3
1738 1605 2003 1670 videres
2049 1603 2368 1687 profusas
2417 1603 2785 1686 lachrymis
2826 1601 3118 1666 Christi-

1246 1725 1532 1770 anorum
1587 1724 1827 1786 genas,
1878 1704 2357 1785 capitibusque
2421 1703 2747 1767 cineratis
2789 1709 2865 1767 et
2915 1702 3116 1766 nudis

1245 1804 1533 1887 pedibus
1577 1804 1837 1887 passim
1877 1803 2206 1867 orationis
2251 1803 2484 1884 gratia
2513 1803 2734 1866 omnis
2770 1809 2949 1866 aetas
2995 1802 3120 1865 iter

1247 1923 1370 1986 per
1418 1902 1744 1966 ecclesias
1793 1902 2188 1966 maturabat
2222 1921 2241 1981 ;
2286 1909 2533 1985 petunt
2574 1901 2966 1978 consilium,
3015 1920 3119 1965 ro-

1249 2011 1420 2083 gant
1450 2001 1785 2065 auxilium
1814 2002 1899 2066 de
1928 2001 2269 2083 supernis.
2341 2001 2546 2065 Dixit
2576 2019 2743 2082 ergo
2775 2000 3121 2065 Boamun·

1249 2101 1402 2178 dus,
1430 2101 1537 2165 vir
1569 2102 1639 2164 in
1673 2101 1961 2165 consilio
1997 2101 2198 2182 quasi
2229 2100 2625 2182 singularis,
2669 2105 2689 2134 ‘
2711 2099 3120 2182 optimates,

1240 2199 1461 2285 judici
1505 2201 1818 2284 juremus
1881 2218 2115 2264 omnes
2168 2199 2256 2263 ad
2316 2201 2633 2276 invicem,
2668 2199 2856 2281 quod
2895 2199 3120 2263 nullus

1251 2307 1559 2364 nostrum
1609 2300 1694 2364 de
1746 2301 1882 2365 isto
1932 2306 2198 2374 sancto,
2255 2299 2486 2380 quoad
2531 2299 2808 2376 vixerit,
2860 2301 3124 2363 subter-

1250 2399 1473 2482 fugiat
1544 2398 1837 2481 colleg-io
1910 2398 2127 2463 donec
2192 2398 2553 2480 sepulchro
2627 2399 2938 2476 Domini,
3005 2418 3120 2480 pro

1251 2518 1391 2580 quo
1419 2500 1602 2563 viam
1631 2497 1810 2563 hanc
1834 2498 2124 2580 ingressi
2154 2516 2414 2575 sumus,
2444 2497 2893 2562 deosculato:
2960 2497 3118 2561 Pla-

1253 2599 1398 2662 cuit
1444 2597 1805 2664 consilium
1859 2595 2221 2674 universis,
2264 2605 2360 2674 et,
2388 2597 2666 2679 expleto
2707 2598 3120 2682 juramento,

1254 2699 1561 2762 animata
1613 2707 1723 2762 est
1754 2704 1907 2762 tota
1939 2696 2239 2762 fidelium
2280 2694 2612 2761 fortitudo
2657 2705 2729 2760 et
2771 2697 3122 2780 magnifice

1254 2796 1675 2861 confirmata.

1634 2970 1732 3033 Do
1758 2969 2093 3032 inventione
2122 2968 2343 3033 lancea
2374 2968 2747 3034 Salvator-2⁶⁸.

934 3105 1164 3194 amylon
1188 3103 1238 3143 or
1354 3092 1612 3157 Eadem
1647 3111 1920 3175 quoque
1961 3090 2130 3156 hora
2171 3092 2462 3155 clericus
2508 3092 2809 3174 quidam,
2862 3093 3128 3158 nomine

938 3205 1071 3244 1⁸:10·-
1093 3165 1120 3204 ³
1257 3187 1554 3270 Petrus,¹
1602 3192 1689 3255 de
1727 3192 2008 3274 regione
2051 3210 2207 3273 quae
2253 3190 2624 3256 Provincia
2674 3202 3126 3276 nuncupatur,

1254 3292 1586 3357 accedens
1635 3291 1721 3354 ad
1779 3291 2174 3374 episcopum
2229 3290 2635 3355 Podiensem
2686 3299 2762 3356 et
2815 3295 3128 3357 comitem

1256 3390 1749 3466 Tholosanum,
1821 3408 2135 3475 asserens
2205 3390 2392 3473 quod
2461 3390 2709 3456 beatus
2774 3393 3129 3475 apostolus

1257 3486 1577 3553 Andreas
1659 3488 1791 3552 sibi
1864 3488 1935 3551 in
2011 3490 2272 3552 somnis
2350 3498 2765 3573 apparuerat
2835 3502 2912 3556 et
2979 3512 3131 3556 eum

1257 3597 1363 3651 ter
1408 3587 1521 3652 vel
1573 3593 1819 3669 quater
1869 3596 2381 3653 commonuerat
2410 3591 2766 3667 attentius,
2794 3600 3133 3674 quatenus

1141 3746 1147 3751 .
1258 3686 1346 3751 ad
1414 3687 1758 3769 principes
1818 3686 2190 3751 occidentis
2258 3688 2545 3769 loquens
2616 3692 2994 3768 nuntiaret,
3060 3699 3135 3755 ut

1258 3786 1590 3863 lanceam,
1634 3805 1775 3867 qua
1813 3786 2094 3851 Domini
2144 3789 2360 3852 nostri
2407 3787 2452 3851 J
2458 3807 2582 3852 esu
2641 3789 2899 3854 Christi
2951 3792 3133 3855 latus

1258 3885 1483 3950 fuerat
1534 3885 1977 3968 perforatum,
2033 3887 2106 3949 iu
2150 3887 2442 3951 ecclesia
2481 3888 2808 3972 principis
2857 3899 3138 3973 aposto-

1259 3984 1478 4048 lorum
1566 3985 1832 4051 occulte
1924 3986 2292 4068 repositam
2352 3988 2846 4069 perquirerent,
2913 3989 3137 4053 locum

1259 4084 1652 4148 certissimis
1694 4085 1960 4149 indiciis
2001 4086 2470 4150 manifestans.
2572 4085 2930 4153 Accedens
2971 4108 3136 4171 ergo

1260 4183 1348 4247 ad
1406 4185 1590 4250 viros
1642 4185 2004 4267 praedictos
2049 4186 2355 4263 verbum,
2403 4186 2584 4249 sicut
2646 4187 2712 4250 ei
2754 4188 3136 4271 injunctum

1263 4282 1503 4361 fuerat,
1557 4303 1647 4347 ex
1701 4284 1938 4348 ordine
1989 4284 2357 4362 revelavit;
2411 4304 2726 4349 asserens
2763 4306 2842 4350 se
2885 4289 2973 4351 ab
3025 4308 3139 4352 eo·

1262 4380 1416 4445 dem
1477 4382 1791 4464 apostolo
1850 4383 2084 4447 multis
2149 4384 2521 4448 terroribus
2586 4385 2674 4449 ad
2735 4385 2864 4451 hoc
2929 4387 3140 4451 fuisse

1333 4564 1585 4631 wama]
1630 4567 1951 4628 Bar-tholemy
1996 4568 2053 4617 os
2090 4568 2171 4618 the
2219 4569 2318 4617 low
2341 4572 2562 4633 cunning
2583 4572 2680 4620 and
2716 4571 2852 4622 loooe
2884 4586 3135 4622 manners.

1259 4637 1457 4685 diocese
1480 4636 1536 4683 os
1556 4637 1856 4698 Mai-seilles,
1876 4652 1907 4684 a
1939 4639 2092 4697 priest
2121 4639 2179 4686 of
2223 4637 2441 4701 Gibbon,
2465 4640 2533 4687 xi.
2558 4656 2608 4700 p.
2635 4645 2714 4689 71.
