3457 5887
845 813 1118 861 FLORES
1163 812 1695 882 msronunvn.
2076 799 2204 864 145

332 965 678 1048 reperiunt
708 967 1023 1031 omnibus
1058 967 1251 1032 bonis
1280 965 1620 1044 refertam,
1650 967 1830 1031 unde
1867 986 1911 1031 a
1944 968 2203 1053 majore
2228 989 2334 1029 nn.
2356 990 2467 1029 ιοοο.

2225 1040 2397 1088 Histoi-y
2414 1039 2462 1079 ol

332 1083 548 1146 usque
607 1064 693 1129 ad
754 1066 1103 1130 minimum
1170 1073 1523 1148 coeperunt
1581 1068 1923 1149 copiosius
1985 1069 2201 1132 abun·
2216 1089 2519 1134 mecm-⁸010..

334 1162 540 1242 dare3
587 1166 1095 1248 reperiebantur
1119 1166 1297 1229 enim
1331 1165 1400 1227 in
1433 1165 1737 1229 aedificiis
1779 1174 1849 1230 et
1887 1166 2201 1230 domibus

334 1262 697 1327 confractis
751 1266 902 1327 auri
964 1272 1034 1328 et
1088 1265 1384 1346 argenti,
1439 1284 1858 1346 gemmarum
1918 1274 1988 1329 et
2045 1286 2201 1348 pre·

335 1361 665 1425 tiosarum
703 1362 1018 1439 vestium,
1065 1363 1411 1439 frumenti,
1463 1363 1605 1428 vini
1651 1370 1720 1428 et
1758 1363 1915 1441 olei,
1958 1364 2079 1427 sed
2130 1372 2199 1430 et

333 1478 692 1542 aquarum,
753 1462 931 1526 unde
983 1461 1057 1525 in
1103 1463 1454 1526 obsidione
1504 1463 1876 1526 maximam
1927 1462 2201 1528 fuerant

332 1561 687 1641 penuriam
732 1562 1058 1644 perpessi,
1099 1562 1414 1642 ingentes
1448 1563 1687 1643 copiae,
1716 1562 1898 1626 unde
1942 1571 2012 1625 et
2042 1564 2200 1645 ipsi,

334 1659 456 1740 qui
490 1659 619 1722 sibi
650 1658 886 1724 domos
927 1659 1482 1737 vendicaverant,
1534 1668 1853 1743 poterant
1888 1659 2202 1743 indigen-

335 1757 518 1821 tibus
545 1759 631 1822 ad
658 1757 1129 1823 sufficientiam
1158 1758 1483 1823 fratribus
1512 1761 1919 1824 ministrare.
2025 1760 2199 1824 Fac·

332 1862 482 1922 ,tum
521 1865 627 1921 est
669 1866 924 1935 autem,
957 1866 1036 1922 ut
1063 1859 1367 1922 secunda
1403 1865 1560 1941 post
1590 1860 1943 1924 victoriam
1982 1858 2091 1923 die
2130 1866 2199 1923 et

333 1954 655 2039 deinceps
715 1957 863 2020 foro
917 1957 1188 2040 publico
1233 1976 1462 2021 rerum
1524 1959 1863 2023 venalium
1925 1959 2200 2040 optimis

329 2054 840 2119 conditionibus
898 2055 1379 2120 exhiberentur
1427 2059 1851 2134 commercia,
1899 2057 1998 2120 ita
2051 2059 2203 2138 qui-

331 2152 493 2215 dem
532 2161 612 2218 ut
651 2154 844 2236 plebs
872 2153 1149 2219 inferior
1189 2156 1586 2220 necessariis
1630 2158 1942 2222 omnibus
1988 2156 2204 2218 abun-

335 2251 560 2316 daret.

583 2427 878 2507 Quomodo
889 2427 1206 2513 principes
1230 2449 1423 2514 roqem
1449 2438 1506 2493 et
1518 2427 1959 2515 patriarcham

1069 2529 1457 2593 constituunt.

437 2650 745 2734 Cumque
789 2670 912 2734 per
953 2651 1096 2715 dies
1137 2660 1395 2734 septem
1449 2651 1794 2734 principes
1842 2652 1915 2715 in
1965 2659 2206 2715 sancta
2231 2667 2421 2708 meeum
2439 2666 2488 2705 or

329 2750 618 2816 civitate
645 2751 715 2813 in
746 2752 978 2832 quiete
1010 2749 1386 2833 laetitiaqne
1420 2750 1763 2833 spirituali
1793 2757 2063 2832 tempus
2092 2772 2206 2815 ex-

334 2850 668 2929 egissent,
698 2856 1162 2913 convcnerunt
1209 2850 1548 2932 principes
1592 2857 1841 2913 octava
1889 2850 2000 2913 die
2037 2858 2212 2914 trac-

334 2950 580 3025 taturi,
618 2968 741 3031 per
788 2950 1083 3030 gratiam
1128 2948 1363 3013 Sancti
1413 2949 1734 3032 Spiritus,
1782 2958 1861 3014 ut
1915 2950 2210 3032 aliquem

333 3047 431 3110 de
489 3067 617 3111 suo
672 3048 999 3129 eligerent
1039 3047 1349 3130 collegio,
1392 3049 1510 3130 qui
1553 3049 1792 3130 praesit
1833 3050 2096 3130 regioni
2140 3058 2211 3114 et

331 3147 413 3209 in
474 3148 754 3211 civitate
804 3154 1044 3211 sancta
1104 3148 1362 3228 regiam
1418 3148 1727 3211 obtineat
1782 3147 2208 3230 dignitatem.

331 3244 410 3309 N
412 3239 527 3308 ec¹
573 3246 1113 3328 praetereundum
1156 3265 1425 3320 censeo,
1471 3245 1653 3328 quod
1697 3248 2207 3329 peregrinorum

326 3345 750 3409 universitas
782 3345 908 3410 hoc
942 3345 1286 3409 decretum
1324 3346 1501 3409 inter
1536 3365 1612 3408 se
1649 3353 2056 3421 sanxerunt,
2101 3347 2205 3409 in-

329 3450 586 3509 vocato
612 3443 698 3508 de
731 3444 919 3508 caelis
952 3445 1040 3507 ab
1073 3445 1303 3526 magni
1346 3445 1612 3508 consilii
1640 3444 1888 3526 angelo
1920 3445 2202 3522 auxilio,

400 3675 419 3708 ¹
440 3679 548 3727 Nec
575 3676 1000 3741 pratereundum]
1042 3676 1148 3725 The
1176 3676 1249 3725 le·
1295 3676 1463 3738 kynge
1483 3677 1541 3726 os
1553 3676 1890 3728 Jherusalem.
1935 3678 2040 3727 But
2057 3678 2206 3728 when

331 3748 489 3811 gend,
510 3747 677 3796 which
698 3748 751 3794 in
771 3746 869 3795 this
891 3750 1020 3795 most
1046 3752 1250 3807 corrupt
1295 3746 1359 3795 he
1380 3746 1532 3795 herde
1554 3746 1612 3795 ot*
1629 3746 1713 3795 the
1742 3746 1862 3796 deth
1893 3747 1951 3796 ot*
1981 3748 2062 3797 his
2097 3750 2209 3798 bro·

328 3817 686 3879 interpolation
727 3816 773 3865 is
814 3815 1049 3865 intended
1090 3821 1143 3864 to
1187 3816 1247 3864 be
1295 3816 1403 3878 der,
1441 3816 1692 3877 Wyllyam
1738 3817 1906 3879 kynge
1947 3816 2006 3865 ot*
2043 3818 2207 3879 Euge-

331 3887 611 3947 eonveyed‚
642 3900 759 3947 may
779 3886 891 3933 best
915 3886 979 3934 be
1011 3884 1248 3947 gathered
1295 3884 1461 3946 londe,
1482 3885 1545 3933 he
1566 3885 1766 3934 refused
1800 3901 1863 3948 ye
1894 3885 2207 3949 kyngedome

331 3956 460 4005 fmm
507 3956 592 4005 the
626 3955 855 4004 annexed
891 3959 1084 4003 extract
1123 3954 1249 4002 from
1295 3954 1353 4002 of
1367 3954 1703 4012 nemmem,
1724 3960 1812 4003 not
1831 3955 2207 4016 bycauseufre·

327 4021 585 4075 'l'revisa's
627 4024 823 4074 version
864 4023 921 4074 of
966 4022 1050 4072 the
1099 4024 1253 4084 Poly·
1298 4038 1524 4085 verence,
1538 4026 1630 4072 but
1642 4023 1720 4072 ἴοι·
1734 4025 1886 4073 drede
1908 4024 1967 4073 of
1979 4026 2207 4087 trauayle

327 4096 634 4155 chronicum
666 4093 683 4122 ‘
699 4094 826 4141 Also
847 4098 900 4142 at
917 4093 1253 4153 Jherusalem,
1298 4108 1355 4141 or
1375 4099 1611 4154 couetyse
1632 4092 1690 4142 of
1713 4094 1797 4142 the
1820 4093 2131 4155 kyngedome
2155 4094 2214 4143 ot*

328 4164 657 4214 inanEester
670 4162 883 4223 euen‚he
895 4163 1251 4225 stodeamonge
1303 4162 1628 4226 Engelonde.'
1649 4163 1737 4213 fol.
1757 4163 1994 4214 cclxxvii.
2011 4165 2062 4214 b.
2085 4164 2208 4214 edit.

328 4235 477 4284 other
499 4248 612 4282 men
632 4232 732 4281 and
747 4232 906 4281 abode
918 4232 1002 4281 the
1023 4231 1131 4293 fyre
1144 4232 1253 4281 that
1300 4236 1447 4281 152⁷.
1501 4232 1746 4293 Compare
1769 4232 1992 4294 Fabyan,
2019 4249 2071 4295 p.
2094 4237 2209 4283 2⁵4.

332 4318 441 4353 was
478 4306 645 4351 wonte
677 4307 729 4351 to
762 4316 900 4350 come
933 4301 1058 4350 from
1090 4300 1251 4350 heuen
1302 4302 1450 4363 Upon
1462 4302 1545 4350 the
1558 4301 2093 4365 questionwhether‚or
2105 4307 2208 4364 not,

329 4373 434 4422 and
469 4372 647 4434 lyghte
678 4385 812 4420 some
850 4385 1054 4421 mannes
1091 4376 1249 4433 taper.
1301 4371 1599 4420 Robertwas
1611 4386 1727 4421 ever
1742 4371 1927 4421 offered
1944 4372 2027 4420 the
2039 4387 2208 4421 crown

328 4443 542 4490 'l'henne
575 4441 657 4489 his
687 4445 830 4503 taper
864 4454 972 4489 was
1004 4440 1148 4502 lyght
1184 4440 1250 4501 by
1303 4439 1762 4501 ofJernselem,the
1778 4441 1954 4489 reader
1966 4456 2079 4503 may
2095 4456 2210 4490 con·

332 4512 541 4573 doyuge
609 4509 710 4559 and
762 4515 933 4560 vertue
994 4510 1052 4559 of
1115 4509 1250 4559 God.
1301 4510 1404 4559 sult
1425 4510 1586 4572 Mille,
1608 4510 1745 4560 Hist-
1766 4509 1823 4559 of
1829 4510 1913 4559 the
1937 4511 2210 4571 Crusades,

329 4581 576 4631 Therfore
629 4579 698 4629 all
749 4594 861 4629 men
922 4579 1071 4628 chose
1131 4579 1250 4640 hym
1302 4581 1337 4629 i.
1362 4583 1548 4644 pam,
1569 4583 1677 4628 note
1697 4574 1739 4630 Β.

434 4671 597 4718 von.
632 4670 711 4716 11.
1873 4670 1918 4718 1,

2230 2729 2257 2758 ι
2272 2718 2390 2767 κίῃς.
