3457 5887
864 817 1139 866 nonus
1184 816 1717 868 msronmnuu.
2100 805 2227 869 371

358 975 705 1041 audientia
734 975 1204 1061 episcoporum
1237 976 1533 1041 omnium
1566 996 1648 1042 ac
1678 978 2038 1057 baronum,
2081 978 2230 1045 haec
2256 996 2366 1037 sn.
2385 996 2493 1038 117³.

359 1075 542 1140 inter
562 1084 814 1141 caetera
846 1076 1304 1156 continentes3
1334 1082 1355 1111 ‘
1374 1076 1912 1142 Universitatem
1930 1085 2229 1143 vestram

360 1194 717 1240 monemus
766 1183 837 1240 et
879 1176 1290 1239 auctoritate
1333 1194 1471 1258 qua
1513 1176 1861 1259 fungimur
1921 1177 2229 1244 districte

358 1275 819 1357 praecipimus,
863 1282 945 1339 ut
986 1274 1286 1338 natalem
1327 1274 1610 1339 Thomae
1648 1277 1971 1362 martyris
2020 1276 2230 1359 glori-

362 1373 492 1451 osi,
528 1372 1041 1439 cantuariensis
1075 1373 1239 1438 olim
1280 1373 1797 1457 archiepiscopi,
1831 1374 2010 1440 diem
2042 1376 2230 1441 vide-

362 1472 530 1538 licet
571 1473 909 1556 passionis
946 1473 1121 1558 ejus,
1161 1474 1554 1538 solemniter
1590 1474 1720 1538 sub
1757 1475 1956 1538 annis
1994 1475 2231 1557 sing-u-

365 1572 454 1636 lis
504 1572 881 1651 celebretis,
936 1580 1008 1636 et
1061 1573 1245 1656 apud
1301 1592 1458 1637 eum
1503 1573 1757 1639 votivis
1806 1574 2228 1639 orationibus

368 1672 704 1754 satagatis
743 1678 1181 1756 peccatorum
1211 1673 1481 1737 veniam
1524 1674 1916 1756 promereri,
1967 1680 2067 1752 ut,
2111 1675 2231 1757 qui

367 1791 494 1854 pro
530 1770 805 1835 Christo
846 1771 918 1835 in
956 1770 1101 1836 vita
1143 1771 1427 1835 exilium
1471 1779 1542 1836 et
1580 1772 1653 1835 in
1693 1780 1913 1838 morte
1953 1773 2231 1838 virtutis

368 1871 760 1935 constantia
785 1871 1190 1953 martyrium
1215 1869 1501 1953 pertulit
1529 1871 1893 1952 passionis,
1936 1871 2233 1937 fidelium

360 1969 520 2054 jugi
570 1969 1070 2053 supplicatione
1104 1968 1584 2051 interpellatus
1629 1970 1812 2053 apud
1842 1970 2067 2033 Deum
2108 1991 2235 2055 pro

371 2069 571 2133 nobis
613 2067 1035 2132 intercedat.’
1109 2066 1443 2151 Apicibus
1473 2074 1700 2133 autem
1733 2067 1855 2132 vix
1898 2069 2237 2151 perlectis,

373 2166 777 2233 levaverunt
824 2187 1064 2232 vocem
1126 2186 1361 2232 omnes
1422 2167 1494 2231 in
1567 2167 1858 2231 sublime
1915 2167 2241 2247 dicentes,

373 2271 395 2301 ‘
425 2267 529 2331 Te
561 2268 787 2332 Deum
817 2259 1225 2332 laudamus?
1321 2266 1415 2332 Et
1456 2267 1781 2351 quoniam
1831 2267 2244 2349 suffraganei

373 2366 529 2450 ejus
548 2365 846 2432 debitam
866 2368 1049 2450 patri
1081 2366 1531 2433 reverentiam
1564 2373 1688 2431 aut
1720 2367 2093 2446 exsulanti,
2121 2376 2245 2432 aut

375 2466 466 2529 ab
519 2465 726 2530 exilio
779 2467 1172 2542 revertenti,
1209 2465 1316 2530 vel
1369 2466 1575 2530 etiam
1615 2485 1890 2530 reverso
1933 2486 2070 2531 non
2119 2487 2246 2532 ex-

373 2564 759 2644 hibuerant,
787 2565 908 2629 sed
953 2565 1184 2649 potius
1229 2564 1504 2630 fuerant
1544 2565 1904 2648 persecuti,
1934 2573 2015 2630 ut
2040 2585 2243 2629 suum

375 2662 647 2747 publice
689 2665 1002 2730 omnibus
1043 2664 1533 2730 confiterentur
1566 2683 1860 2729 errorem
1894 2672 1966 2730 et
1994 2665 2245 2749 iniqui-

376 2770 616 2842 tatem,
659 2782 751 2829 ex
792 2782 913 2828 ore
954 2765 1155 2829 unius
1198 2763 1503 2847 episcopi
1546 2764 1848 2828 omnium
1897 2765 2249 2848 episcopo-

378 2882 530 2928 rum
559 2870 667 2928 est
693 2881 1022 2948 expressa
1052 2863 1389 2929 confessio
1421 2862 1736 2941 dicentis,
1760 2863 2082 2941 ‘Adesto,
2100 2865 2249 2929 Do-

380 2965 587 3042 mine,
630 2963 1243 3046 supplicationibus
1285 2961 1564 3041 nostris,
1597 2968 1702 3040 ut,
1734 2964 1853 3046 qui
1881 2983 1969 3028 ex
1998 2964 2249 3048 iniqui-

381 3070 527 3127 tate
589 3070 826 3127 nostra
884 3082 1039 3128 reos
1101 3081 1230 3128 nos
1293 3081 1445 3126 esse
1502 3063 2002 3145 cognoscimus,
2066 3064 2250 3128 beati

380 3160 669 3227 Thomae
717 3164 1039 3246 martyris
1102 3163 1205 3227 tui
1265 3169 1478 3246 atque
1532 3161 1876 3245 pontificis
1926 3163 2252 3228 interces-

383 3262 578 3326 sione
604 3261 1012 3326 liberemur.’
1061 3261 1319 3327 Eodem
1351 3280 1532 3327 anno
1566 3261 1819 3340 Maria,
1853 3281 2047 3326 soror
2077 3263 2253 3347 ejus-

385 3360 543 3423 dem
592 3362 815 3425 sancti
849 3355 1203 3444 martyris,
1235 3380 1398 3443 rege
1421 3361 1732 3445 jubente,
1774 3361 1962 3425 facta
1991 3368 2098 3425 est
2129 3363 2251 3426 ab·

383 3458 651 3523 batissa
708 3457 1222 3543 Berkingensis.
1348 3457 1488 3524 Per
1543 3459 1723 3524 idem
1787 3468 2059 3544 tempus
2132 3481 2255 3525 rex

386 3556 738 3623 Henricus
804 3558 1084 3643 juvenis
1140 3564 1440 3622 castrum
1496 3557 1802 3624 Gornaci
1852 3560 2139 3639 obsedit,
2184 3568 2257 3625 et

381 3658 570 3740 cepit
613 3658 686 3721 in
731 3677 815 3723 eo
861 3653 1234 3739 Hugonem
1277 3657 1626 3722 dominum
1669 3660 1881 3724 castri
1923 3667 1995 3725 et
2036 3660 2251 3725 filium

381 3755 536 3839 ejus
569 3775 726 3821 cum
755 3757 1003 3838 viginti
1033 3762 1328 3838 quatuor
1365 3756 1721 3836 militibus,
1764 3766 2063 3823 castrum
2105 3779 2255 3823 suc-

388 3855 622 3920 cendit
685 3862 756 3921 et
815 3857 1193 3938 burgenses
1253 3855 1340 3919 ad
1405 3854 1938 3940 redemptionem
2006 3859 2255 3937 coegit.

386 3953 547 4032 Quo
606 3955 814 4020 etiam
874 3962 1182 4037 tempore
1229 3954 1604 4034 Robertus,
1646 3975 1878 4021 comes
1923 3956 2258 4040 Legeces-

383 4053 659 4132 trensis,
718 4061 789 4118 et
839 4073 992 4118 cum
1049 4073 1131 4118 eo
1180 4053 1569 4119 Willelmus
1635 4055 1721 4120 de
1786 4054 2261 4132 Tankarvilla,

384 4171 544 4216 cum
604 4153 836 4220 multis
882 4153 1243 4218 comitibus
1294 4160 1365 4218 et
1413 4154 1810 4233 baronibus,
1861 4173 2088 4237 regem
2135 4173 2261 4237 pa-

385 4258 562 4413 }rem
623 4252 1081 4338 relinquentes
1131 4253 1220 4318 ad
1262 4272 1491 4336 regem
1537 4254 1753 4319 filium
1804 4253 2259 4335 transfugium

416 4359 713 4417 ccerunt.

1903 4673 2062 4717 ²122
