3457 5887
1241 814 1370 879 162
1748 828 1882 875 noc
1893 827 2012 875 mu
2061 827 2154 874 ns
2199 823 2608 875 wmmovssn

921 1000 1162 1092 gig-‘2¹2
1241 987 1523 1052 consilio
1557 987 1891 1051 baronum
1935 985 2130 1067 regni
2160 983 2438 1065 Angliae
2481 1000 2710 1065 regem
2739 1001 2891 1046 esse
2922 1001 3112 1046 coro-

922 1062 1116 1151 Ηοιιτγῖ.
1242 1094 1520 1166 natum;
1578 1093 1649 1150 et
1691 1087 1857 1169 quia
1895 1103 2177 1167 regnum
2211 1101 2613 1166 oppressum
2652 1090 2806 1146 erat
2843 1081 3115 1165 injustis

1241 1186 1741 1258 exactionibus,
1788 1205 1918 1267 ego
1962 1191 2276 1266 respectu
2325 1182 2483 1260 Dei,
2534 1190 2604 1246 et
2647 1201 2882 1246 amore
2922 1199 3116 1262 quem

1242 1305 1408 1368 erga
1456 1304 1582 1350 vos
1639 1304 1873 1349 omnes
1935 1284 2178 1360 habeo,
2221 1291 2527 1347 sanctam
2585 1282 2720 1346 Dei
2766 1280 3119 1344 ecclesiam

1240 1386 1525 1449 liberam
1558 1384 1760 1461 facio,
1795 1385 1898 1448 ita
1940 1383 2125 1466 quod
2173 1402 2299 1447 nec
2332 1401 2483 1446 eam
2523 1381 2816 1446 vendam
2859 1399 2988 1444 nec
3035 1379 3119 1443 ad

1243 1485 1507 1548 firmam
1561 1502 1840 1567 ponam,
1908 1503 2060 1562 nec,
2120 1490 2390 1547 mortuo
2451 1482 2968 1564 archiepiscopo
3013 1480 3119 1543 vel

1244 1585 1564 1667 episcopo
1596 1583 1706 1647 vel
1739 1584 2012 1659 abbate,
2058 1582 2317 1664 aliquid
2347 1583 2674 1664 accipiam
2708 1580 2795 1644 de
2825 1580 3121 1644 dominio

1245 1684 1576 1761 ecclesiae,
1626 1682 1737 1747 vel
1786 1683 1872 1746 de
1914 1682 2326 1758 hominibus,
2380 1681 2601 1745 donec
2644 1697 3006 1744 successor
3052 1680 3118 1742 in

1247 1802 1398 1847 eam
1422 1782 1874 1865 ingrediatur.
1941 1782 2035 1845 Et
2068 1799 2303 1845 omnes
2333 1781 2552 1844 malas
2573 1780 3119 1855 consuetudineS,

1248 1883 1495 1964 quibus
1527 1900 1814 1963 regnum
1832 1879 2108 1963 Angliae
2130 1880 2386 1964 injuste
2407 1880 2944 1963 opprimebatur,
2970 1879 3121 1942 inde

1248 1981 1509 2060 aufero,
1563 1999 1738 2063 quas
1797 1980 2014 2044 malas
2065 1980 2594 2044 consuetudines
2645 1980 2720 2044 in
2765 1987 2964 2062 parte
3012 1978 3118 2042 hic

1249 2101 1453 2164 pono.

1347 2185 1370 2215 ‘
1391 2181 1465 2246 Si
1504 2181 1659 2264 quis
1698 2182 2034 2244 baronum
2077 2198 2406 2257 meorum,
2450 2179 2777 2243 comitum
2812 2179 2924 2243 vel
2966 2177 3120 2241 alio·

1251 2298 1425 2358 rum,
1478 2281 1596 2363 qui
1641 2281 1727 2344 de
1785 2299 1894 2343 me
1943 2286 2201 2357 tenent,
2243 2286 2555 2343 mortuus
2617 2277 2849 2356 fuerit,
2910 2277 3120 2341 haeres

1252 2398 1417 2443 suus
1447 2400 1585 2444 non
1618 2379 1903 2443 redimet
1931 2386 2182 2442 terram
2215 2398 2435 2456 suam,
2467 2372 2679 2442 ¹sicut
2705 2378 2936 2441 facere
2969 2397 3121 2441 eon-

1252 2487 1573 2544 sueverat
1622 2486 1929 2561 tempore
1983 2477 2200 2560 patris
2249 2479 2405 2556 mei,
2447 2478 2565 2542 sed
2612 2478 2808 2562 justa
2852 2485 2922 2541 et
2965 2477 3127 2559 legi-

1256 2579 1424 2642 tima
1462 2578 1885 2642 relevatione
1929 2577 2262 2641 relevabit
2313 2597 2504 2657 eam;
2556 2578 2873 2642 similiter
2904 2584 2978 2640 et
3010 2577 3127 2640 ho-

1256 2678 1472 2741 mines
1530 2678 1864 2741 baronum
1911 2696 2215 2740 meorum
2269 2676 2573 2758 legitima
2618 2685 2690 2741 et
2726 2677 2923 2761 justa
2961 2676 3128 2740 rele-

1256 2778 1533 2841 vatione
1576 2776 1982 2841 relevabunt
2028 2783 2247 2840 terras
2292 2795 2453 2840 suas
2497 2777 2581 2840 de
2620 2776 2914 2840 dominis
2962 2777 3123 2839 suis.

1258 2876 1373 2955 Et,
1397 2877 1454 2940 si
1479 2876 1633 2960 quis
1654 2877 1988 2940 baronum
2015 2875 2124 2940 vel
2145 2876 2433 2940 aliorum
2454 2876 2798 2940 hominum
2829 2894 3127 2940 meorum

1257 2976 1468 3041 filiam
1516 2996 1711 3041 suam
1773 2977 2042 3040 tradere
2077 2977 2393 3053 voluerit,
2432 2978 2578 3041 sive
2616 2996 2948 3054 sororem,
2990 2977 3129 3040 sive

1260 3086 1558 3161 neptem,
1588 3078 1736 3141 sive
1757 3083 2124 3158 cognatam
2146 3078 2415 3159 nuptui,
2433 3096 2692 3140 mecum
2713 3076 2873 3141 inde
2892 3077 3127 3159 loqua-

1260 3184 1399 3254 tur,
1434 3177 1553 3241 sed
1589 3195 1810 3259 neque
1840 3196 1971 3257 ego
2001 3176 2260 3258 aliquid
2294 3177 2379 3240 de
2410 3196 2537 3240 suo
2581 3195 2708 3258 pro
2752 3176 2884 3240 hac
2926 3176 3130 3239 licen-

1263 3278 1361 3340 tia
1412 3277 1770 3359 accipiam,
1816 3294 2039 3357 neque
2091 3276 2448 3339 defendam
2491 3277 2555 3340 ei
2589 3276 2753 3359 quin
2799 3296 2951 3340 eam
2998 3276 3129 3351 det,

1264 3384 1555 3457 excepto
1601 3376 1662 3438 si
1697 3394 1845 3439 eam
1883 3374 2048 3438 dare
2081 3375 2378 3440 voluerit
2406 3377 2682 3440 inimico
2710 3396 2905 3455 me03
2951 3383 3023 3439 et
3051 3377 3131 3453 si,

1265 3481 1535 3537 mortuo
1577 3476 1834 3539 barone
1875 3474 1982 3537 vel
2014 3474 2147 3538 alio
2182 3474 2450 3539 homine
2501 3495 2676 3551 mec,
2727 3475 2872 3539 filia
2918 3475 3133 3538 haeres

1265 3574 1690 3650 remanserit,
1758 3574 1937 3637 dabo
2003 3573 2191 3637 illam
2255 3592 2406 3636 cum
2471 3574 2756 3638 consilio
2807 3576 3136 3639 baronum

1267 3692 1568 3736 meorum
1617 3692 1774 3736 cum
1828 3679 2011 3736 terra
2057 3692 2228 3750 sua;
2296 3680 2366 3737 et
2417 3674 2500 3750 si,
2549 3681 2821 3737 mortuo
2868 3676 3139 3752 marito,

1267 3790 1445 3835 uxor
1475 3772 1624 3855 ejus
1654 3772 2057 3836 remanserit
2083 3779 2154 3835 et
2192 3774 2337 3836 sine
2370 3771 2601 3837 liberis
2647 3772 2879 3852 fuerit,
2914 3774 3142 3837 dotem

1270 3890 1465 3935 suam
1505 3878 1577 3934 et
1619 3863 2093 3951 ¹maritag'ium
2131 3871 2431 3949 habebit,
2471 3879 2541 3937 et
2583 3891 2737 3936 eam
2785 3893 2924 3937 non
2966 3874 3144 3937 dabo

1268 3971 1541 4046 marito,
1575 3970 1707 4033 nisi
1741 3962 2110 4033 secundum
2142 3972 2318 4035 velle
2346 3989 2568 4036 suum.
2670 3972 2747 4036 Si
2779 3992 2943 4038 vero
2973 3991 3150 4037 uxor

1268 4089 1423 4132 cum
1473 4068 1704 4133 liberis
1755 4070 2180 4148 remanserit,
2219 4070 2447 4135 dotem
2496 4090 2693 4135 suam
2746 4079 2840 4136 et.
2866 4074 3151 4136 marita·

1267 4170 1456 4249 gium
1493 4168 1795 4246 habebit,
1830 4169 1992 4231 dum
2030 4187 2278 4253 corpus
2321 4189 2521 4233 suum
2564 4171 2868 4253 legitime
2911 4192 3150 4236 serva-

1266 4268 1393 4345 bit,
1429 4276 1499 4333 et
1525 4288 1676 4333 eam
1708 4288 1848 4331 non
1894 4268 2072 4333 dabo
2116 4270 2249 4333 nisi
2292 4270 2663 4359 secundum
2696 4271 2875 4335 velle
2906 4291 3150 4351 suum;

1341 4463 1356 4494 ¹
1380 4465 1521 4514 Sicut
1539 4465 1707 4524 sacer-e
1721 4503 1736 4516 .
1757 4502 1770 4515 .
1789 4501 1803 4515 .
1823 4501 1836 4516 .
1851 4468 2014 4530 patris
2043 4468 2179 4531 mei]
2283 4466 2685 4535 'Mar-itagiunJ
2701 4473 2716 4499 ‘
2730 4471 3108 4521 Maritationen
3119 4472 3156 4532 ;'

1266 4535 1285 4564 ‘
1302 4535 1444 4584 Sicut
1486 4535 1706 4584 faciebat
1746 4541 1967 4598 tempore
2010 4537 2178 4587 fratris
2228 4537 2374 4588 Text.
2399 4539 2531 4591 Roff.

1265 4606 1415 4666 meis
1444 4605 1589 4656 Text.
1614 4606 1744 4657 Roff.
