3457 5887
843 1313 952 1354 Aa).
975 1315 1086 1353 1168.

845 1414 895 1453 or
907 1414 1066 1453 Becket

844 1465 927 1503 and
944 1464 1099 1503 othna-

843 1611 1084 1651 Alexander

844 1663 920 1700 the
934 1661 1048 1700 thlrd
1068 1665 1115 1702 to

846 1711 1017 1757 Gilbert,

845 1760 991 1810 hisbop
1006 1760 1054 1800 or

1156 824 1286 890 324
1662 840 1924 889 flocum
1974 840 2068 888 nn
2112 841 2524 888 wanovsa

1160 1071 1385 1136 Βίωνα
1412 1070 1767 1135 Alemandri
1781 1092 1969 1157 papae
1992 1070 2083 1134 ad
2110 1067 2503 1147 Gilobortm,
2532 1066 3009 1133 Loudoniemm

1911 1171 2272 1255 episcopum.

1294 1293 1553 1360 Eodem
1631 1301 1934 1376 tempore
2001 1291 2312 1357 dominus
2376 1310 2561 1374 papa
2638 1288 3035 1354 Alexander

1161 1393 1433 1475 scripsit
1468 1392 1847 1471 Gileberto,
1880 1391 2335 1457 Londoniensi
2369 1391 2722 1474 episcopo,
2755 1409 2886 1473 pro
2920 1409 3035 1452 ne-

1161 1493 1351 1575 gotio
1384 1491 1895 1556 Cantuariensis
1936 1490 2262 1568 ecclesiae,
2290 1491 2362 1554 in
2404 1489 2554 1553 haec
2592 1490 2846 1568 verba;
2893 1482 2947 1521 ¹‘
2965 1488 3030 1552 A

1162 1592 1485 1656 memoria
1541 1598 1662 1657 tua
1726 1611 1861 1656 non
1927 1590 2262 1654 credimus
2313 1589 2680 1665 excidisse,
2741 1587 3031 1671 qualiter

1161 1690 1549 1755 carissimus
1592 1691 1663 1754 in
1717 1690 1993 1755 Christo
2040 1689 2221 1753 filius
2251 1694 2479 1753 vester
2525 1686 2892 1763 HenricuS‚
2935 1686 3022 1749 il-

1161 1789 1393 1853 lustris
1439 1809 1561 1854 rex
1606 1787 2015 1871 Anglorum,
2058 1788 2276 1852 multa
2321 1808 2366 1852 a
2415 1788 2616 1852 nobis
2661 1786 2813 1851 olim
2867 1805 3022 1868 pre-

1160 1909 1312 1953 cum
1340 1887 1672 1953 instantia
1702 1889 2084 1972 requisivit,
2129 1894 2207 1951 ut
2248 1889 2336 1951 ab
2384 1885 2871 1951 Herefordensi
2911 1904 3022 1948 ec-

1161 1987 1387 2066 clesia,
1427 1988 1538 2052 cui
1580 1988 2092 2070 praeeminebas,
2125 1987 2212 2050 de
2250 1993 2318 2050 te
2362 1986 2435 2048 in
2484 1984 3021 2049 Londoniensem

1162 2087 1518 2151 ecclesiam
1550 2087 2064 2151 translationem
2096 2086 2242 2149 fieri
2270 2091 2684 2167 pateremur.
2782 2083 2883 2148 Ut
2913 2102 3025 2146 au-

1163 2192 1301 2251 tem
1365 2205 1510 2250 suae
1568 2185 1880 2269 petitioni
1939 2192 2248 2249 nostrum
2297 2202 2503 2266 super
2550 2183 2684 2248 hoc
2728 2182 3032 2266 imperti-

1161 2304 1388 2348 remur
1433 2304 1810 2362 assensum,
1852 2285 2326 2349 necessitatem
2354 2283 2820 2346 imminentem
2852 2282 3033 2364 pari·

1163 2391 1269 2448 ter
1295 2391 1366 2448 et
1399 2384 1766 2449 utilitatem
1809 2385 2256 2468 proponebat,
2295 2401 2600 2446 asserens
2642 2380 2828 2464 quod
2862 2380 3031 2444 civi-

1162 2490 1272 2547 tas
1316 2483 1436 2547 illa
1486 2483 1684 2565 quasi
1732 2482 1922 2565 regia
1964 2483 2160 2547 sedes
2208 2481 2564 2560 existeret;
2607 2488 2700 2556 et,
2735 2480 2906 2563 quia
2957 2488 3028 2543 te

1161 2581 1507 2664 religionis
1569 2589 1641 2646 et
1700 2582 2127 2647 discretionis
2184 2582 2440 2647 virtute
2488 2579 2782 2645 crederet
2833 2598 3019 2661 prae-

1160 2680 1477 2758 eminere,
1494 2681 1783 2748 consilio
1802 2688 1922 2746 tuo
1943 2700 2149 2764 super
2178 2680 2308 2758 his,
2340 2699 2495 2763 quae
2520 2679 2719 2743 saluti
2750 2678 3019 2741 anima-

1160 2798 1310 2842 rum
1366 2780 1769 2862 expedirent
1812 2787 1883 2844 et
1923 2780 2010 2845 ad
2054 2781 2247 2863 regni
2290 2787 2726 2861 augmentum
2766 2777 3028 2860 pariter

1163 2885 1234 2942 et
1306 2879 1892 2945 conservationem
1960 2886 2375 2964 spectarent,
2431 2876 2899 2963 temporaliter
2960 2883 3031 2940 et

1162 2978 1605 3061 spiritualiter
1632 2980 1735 3044 uti
1764 2979 2058 3057 volebat,
2089 2990 2159 3044 et
2192 2979 2346 3043 ideo
2380 2979 2600 3061 magis
2639 2978 3029 3062 proximum

1162 3085 1233 3142 te
1261 3078 1689 3143 desiderabat
1724 3078 1995 3144 habere.
2099 3078 2303 3143 Unde
2345 3078 2781 3142 attendentes
2827 3095 3031 3159 quam

1161 3177 1421 3242 utiliter
1480 3177 1841 3261 prudentia
1890 3185 1961 3242 et
2005 3177 2246 3261 religio
2291 3185 2415 3242 tua
2459 3177 2670 3241 saluti
2726 3175 3029 3261 ejusdem

1163 3278 1355 3358 regni
1396 3283 1468 3342 et
1518 3277 1699 3359 regis
1740 3285 1973 3360 posset
2015 3277 2390 3354 consulere,
2423 3285 2520 3355 et,
2557 3283 2823 3360 quanta
2875 3276 3029 3338 inde

1163 3376 1391 3442 valeat
1442 3376 1886 3441 commoditas
1932 3377 2313 3459 provenire,
2351 3375 2641 3440 libenter
2688 3376 2836 3439 suis
2880 3395 3030 3457 pre·

1162 3475 1353 3538 cibus
1410 3476 1879 3558 adquievimus
1943 3483 2013 3540 et
2075 3482 2146 3541 te
2202 3475 2660 3540 concessimus
2722 3475 2796 3537 in
2853 3474 3028 3538 Lon-

1163 3573 1469 3637 doniensi
1531 3574 1820 3639 ecclesia
1881 3575 2303 3658 promoveri3
2367 3574 2547 3638 unde
2599 3580 2862 3656 quanto
2915 3574 3023 3635 be-

1164 3671 1438 3753 nignius
1482 3673 1634 3756 ejus
1684 3674 2181 3757 beneplacitum
2235 3683 2306 3738 et
2355 3673 2782 3737 voluntatem
2843 3692 3020 3736 com-

1162 3770 1497 3852 plevimus
1549 3778 1620 3835 et
1670 3778 1808 3835 tuae
1854 3773 2110 3855 pariter
2156 3773 2558 3837 exaltationi
2612 3771 3025 3836 intendimus

1164 3876 1234 3933 et
1270 3868 1534 3946 honori,
1582 3877 1780 3934 tanto
1816 3871 2123 3955 probitas
2165 3879 2289 3936 tua
2320 3873 2504 3936 circa
2537 3871 3028 3935 incrementum

1162 3975 1231 4032 et
1262 3969 1848 4034 conservationem
1891 3971 2195 4038 ecclesiae
2234 3971 2527 4053 amplius
2553 3971 2836 4035 deberet
2865 3970 3027 4033 eniti

1161 4074 1231 4131 et
1257 4068 1588 4132 attentius
1621 4069 1805 4134 circa
1831 4068 1962 4134 hoc
1994 4070 2329 4150 laborare,
2359 4078 2438 4134 ut
2473 4070 2792 4146 fructum,
2826 4088 3025 4152 quem

1158 4166 1335 4231 idem
1361 4186 1484 4231 rex
1517 4167 1714 4233 nobis
1742 4170 2117 4253 proposuit,
2147 4177 2219 4235 et
2254 4188 2380 4234 nos
2421 4188 2800 4252 speramus,
2834 4167 3026 4232 exhi·

1159 4266 1416 4331 bitione
1456 4267 1680 4349 operis
1724 4275 1796 4331 et
1832 4267 1984 4350 ipsa
2019 4288 2243 4332 rerum
2280 4268 2706 4353 experientia
2740 4285 3025 4349 cognos-

1158 4385 1414 4430 camus,
1517 4365 1878 4446 Quomodo
1908 4374 2135 4431 autem
2165 4388 2289 4434 rex
2322 4367 2690 4453 praedictus
2729 4385 2775 4430 a
2819 4366 3021 4429 devo-

1226 4546 1304 4598 ¹A
1350 4550 1573 4600 memoria
1614 4549 1759 4612 tum]
1825 4549 2069 4612 Compare
2116 4551 2203 4599 vii.
2224 4550 2392 4601 where
2423 4553 2466 4600 it
2495 4551 2541 4601 is
2570 4550 2723 4600 daoed
2758 4549 3023 4609 Clermont,

1164 4618 1427 4680 Hoveden,
1448 4635 1501 4680 p.
1523 4623 1643 4681 ⁵01,
1658 4617 1781 4667 with
1816 4619 1903 4669 lib.
1927 4620 1964 4669 i.
1986 4635 2067 4681 ep.
2120 4620 2235 4669 loth
2257 4621 2400 4682 July.
