3457 5887
852 874 1124 924 nouas
1169 874 1698 924 msa-eumuna.
2078 859 2209 925 833

338 1036 480 1098 fero
512 1033 596 1098 de
627 1052 924 1118 persona
958 1041 1102 1111 tua,
1136 1052 1338 1117 quam
1382 1034 1443 1096 si
1485 1033 1558 1096 in
1602 1051 1825 1097 meam
1861 1034 2207 1115 propriam
2229 1047 2471 1137 ἄξουσι»

333 1152 694 1248 personam
750 1134 939 1198 virus
993 1152 1192 1197 suum
1248 1131 1688 1210 evomuisset,
1749 1140 1820 1196 et
1875 1131 2029 1196 ideo
2083 1152 2207 1215 pro
2228 1147 2483 1237 gum

333 1241 519 1298 certo
562 1234 766 1311 scias,
815 1233 998 1316 quod
1049 1252 1179 1315 ego
1232 1251 1498 1296 omnem
1541 1251 1818 1315 operam
1862 1231 2041 1296 dabo
2085 1252 2209 1314 per

333 1332 679 1397 dominum
735 1351 987 1415 papam
1050 1339 1120 1396 et
1180 1351 1302 1414 per
1365 1348 1594 1411 regem
1667 1330 2086 1396 Francorum
2136 1338 2208 1395 et

334 1451 459 1514 per
485 1451 718 1496 omnes
763 1432 1018 1496 amicos
1047 1449 1259 1508 meoS,
1290 1429 1474 1511 quod
1515 1429 1599 1493 de
1631 1437 1882 1495 caetero
1911 1449 2050 1493 non
2083 1450 2207 1512 po-

335 1531 497 1595 terit
539 1532 735 1596 nobis
779 1550 905 1596 nec
948 1549 1161 1613 regno
1211 1535 1447 1593 nostro
1498 1547 1782 1609 nocere3
1826 1529 2008 1594 unde
2047 1528 2206 1594 volo

335 1637 406 1694 et
444 1630 749 1709 consule,
791 1630 972 1713 quod
1017 1637 1097 1694 tu
1139 1628 1412 1692 interim
1461 1627 1650 1691 nullo
1694 1628 1897 1692 modo
1937 1628 2007 1692 in
2056 1630 2203 1692 ani-

331 1749 445 1793 mo
476 1736 596 1793 tuo
629 1730 945 1806 turberis,
971 1748 1097 1812 pro
1128 1735 1317 1792 certo
1344 1720 1698 1804 ¹sciturus,
1733 1727 1939 1809 quod,
1969 1728 2029 1791 si
2064 1728 2204 1792 Ro-

331 1848 513 1893 mam
563 1829 752 1893 adire
796 1827 1116 1905 volueris,
1165 1826 1398 1891 omnia
1453 1827 1836 1890 necessaria
1885 1825 1973 1890 ad
2020 1828 2199 1892 viam

330 1927 418 1992 de
481 1947 634 1994 meo
695 1928 821 1994 tibi
880 1926 1372 1993 honorabiliter
1433 1932 1504 1989 et
1558 1924 1969 1990 sufficienter
2013 1927 2203 1991 inve-

331 2028 544 2093 niam.
546 2025 566 2052 '

336 2199 519 2275 Quod
547 2199 733 2286 coyata*
759 2222 802 2264 a
820 2220 1002 2285 papa
1033 2199 1361 2263 mittumtur
1387 2195 1479 2261 ad
1488 2216 1710 2282 pacem
1747 2197 2205 2281 rosor-mandam

429 2299 593 2363 inter
634 2320 842 2386 royom
898 2308 955 2364 et
1019 2297 1255 2365 boatum
1327 2295 1640 2373 Tloomam,
1707 2296 2204 2363 Canama-im

424 2398 958 2485 arohtspoecopum.

426 2513 721 2585 Eodem²
768 2540 949 2585 auno
1004 2519 1194 2583 missi
1241 2528 1406 2585 sunt
1449 2520 1586 2585 duo
1637 2520 1852 2602 legati
1896 2539 1940 2585 a
1981 2521 2195 2587 latere
2216 2540 2464 2629 nom·

326 2620 573 2683 summi
616 2618 984 2702 pontificis,
1011 2618 1356 2684 Vivianus
1398 2627 1469 2685 et
1512 2618 1914 2698 Gratianus,
1953 2628 2031 2685 ut
2067 2641 2189 2705 pa·
2212 2590 2516 2732 ffiff}

328 2737 472 2782 cem
500 2718 682 2783 inter
713 2738 945 2801 regem
979 2717 1254 2800 Angliae
1288 2726 1360 2783 et
1392 2719 1976 2803 archiepiscopum
2007 2720 2190 2785 Can-

325 2817 737 2881 tuariensem
770 2818 1257 2897 reformarent3
1303 2818 1424 2882 sed
1458 2838 1746 2903 quorum
1778 2826 1927 2884 erat
1963 2828 2191 2903 potes-

327 2923 438 2981 tas
483 2917 792 3000 aequalis,
820 2935 938 2982 eos
976 2917 1219 2983 varius
1251 2916 1690 3003 disjungebat
1727 2917 2036 2998 affectus,
2070 2939 2195 2986 nec

329 3016 486 3080 finis
520 3018 743 3099 potuit
770 3017 1075 3081 invenire
1108 3017 1500 3096 concordes,
1534 3018 1653 3101 qui
1683 3020 1772 3082 ab
1804 3018 1998 3084 initio
2031 3027 2197 3085 vota

324 3123 770 3198 susceperant
801 3124 943 3180 tam
974 3116 1284 3196 diversa3
1329 3110 1484 3180 ⁸sed
1513 3117 1692 3181 sicut
1723 3137 1933 3199 penes
1965 3129 2195 3202 regem

328 3213 712 3279 Gratianus
756 3216 1047 3297 gratiam
1089 3234 1226 3279 non
1260 3215 1543 3292 invenit,
1575 3217 1675 3279 sic
1706 3236 1833 3281 nec
1865 3218 2048 3300 apud
2083 3238 2194 3282 ar-

326 3313 834 3398 chiepiscopum
857 3313 1221 3378 Vivianus.
1291 3314 1466 3379 Cum
1490 3315 1701 3396 igitur
1719 3315 1805 3380 de
1829 3336 2000 3399 pace
2020 3324 2195 3382 trac-

325 3413 546 3477 taturi
590 3413 660 3477 in
714 3412 1142 3478 Normannia
1165 3413 1363 3497 ’apud
1428 3414 1722 3478 Baiocas
1766 3435 1841 3480 se
1900 3417 2082 3498 reg-is
2126 3427 2196 3481 et

322 3511 822 3596 archiepiscopi
860 3513 1335 3595 conspectibus
1373 3521 1893 3595 praesentarent,
1926 3522 1996 3579 et
2034 3524 2192 3599 post

318 3618 667 3676 tractatus
720 3611 1085 3676 immensos
1130 3631 1269 3694 pax
1316 3631 1468 3677 esse
1516 3613 1590 3677 in
1629 3612 1867 3696 januis
1917 3616 2003 3678 ab
2045 3634 2190 3678 om-

318 3711 525 3775 nibus
562 3712 975 3788 crederetur,
1022 3710 1257 3776 literas
1310 3711 1447 3775 illis
1492 3711 1748 3776 direxit
1776 3712 2184 3792 Willelmus,

318 3809 738 3875 Senonensis
781 3809 1350 3893 archiepiscopus,
1387 3811 1461 3874 in
1504 3812 1750 3894 quibus
1792 3813 2183 3878 contineba-

319 3915 462 3987 tur,
517 3929 603 3974 ne
658 3910 804 3978 sine
845 3908 1062 3992 ipsius
1106 3907 1545 3988 conscientia,
1588 3911 1769 3975 sicut
1810 3930 1853 3975 a
1911 3911 2183 3978 domino

317 4027 507 4092 papa
547 4010 619 4073 in
665 4008 1005 4073 mandatis
1056 4016 1478 4090 acceperant,
1519 4010 1590 4072 in
1640 4010 2185 4077 reconciliatione

319 4108 767 4190 procederent
801 4106 1130 4172 facienda.
1187 4108 1304 4172 Sic
1338 4108 1475 4172 duo
1508 4108 1746 4192 legati,
1779 4108 2032 4175 infecto
2067 4130 2186 4175 ne-

319 4208 540 4288 gotio,
571 4226 616 4272 a
642 4207 823 4290 reg-is
856 4206 1046 4271 curia
1078 4215 1546 4285 recesserunt;
1598 4208 1820 4273 noluit
1848 4209 2027 4273 enim
2061 4228 2186 4273 rex

395 4413 414 4447 ¹
443 4411 715 4486 Sestinum]
737 4416 1025 4467 ‘secturus'
1045 4417 1097 4465 in
1120 4416 1233 4467 MS.
1352 4413 1374 4445 ⁸
1395 4416 1555 4480 San]
1585 4416 1692 4466 The
1722 4417 1895 4499 letters
1924 4415 1982 4465 of
2009 4416 2192 4464 vivian

396 4551 421 4584 ²
443 4555 621 4604 Eodem
655 4570 795 4606 anno.
829 4554 853 4618 ]
902 4555 1103 4617 Dicetu,
1138 4556 1235 4606 col.
1283 4486 1814 4605 affigtpglpaecneetthtz
1829 4487 2060 4615 gul-lagg&
2072 4484 2195 4614 xilyl

322 4628 443 4674 ⁵⁵⁰.
1286 4626 1349 4673 be
1370 4639 1488 4675 seen
1510 4625 1562 4673 in
1582 4625 1672 4676 lib.
1687 4625 1763 4675 iii.
1784 4640 1904 4687 epp.
1926 4622 2194 4674 lxii.-lxiv.
