3457 5887
927 859 1197 910 FLORBS
1243 859 1773 909 msronmnuu.
2153 850 2282 915 219

404 1029 715 1104 argento,
749 1009 956 1102 quam
999 1020 1072 1082 in
1122 1017 1404 1100 gemmis
1455 1026 1525 1081 et
1575 1019 1883 1083 vestibus
1935 1022 2278 1103 pretiosis.
2305 1043 2414 1083 nn.
2436 1043 2546 1083 11³³.

406 1121 672 1186 Deinde
724 1121 795 1184 in
848 1118 1025 1183 festo
1071 1117 1450 1182 Dominicae
1495 1120 1917 1184 ascensionis
1963 1120 2280 1204 divulga·
2307 1143 2463 1192 sapon
2485 1142 2533 1180 οι

407 1229 554 1285 tum
613 1220 746 1284 suit
821 1239 944 1302 per
1002 1216 1358 1299 Angliam,
1415 1235 1647 1299 regem
1710 1237 1863 1283 esse
1914 1228 2283 1299 mortuum,
2306 1191 2528 1283 3W⁸

407 1320 591 1384 unde
648 1320 949 1384 maxima
1010 1316 1439 1398 perturbatio
1508 1318 1811 1383 surrexit
1884 1319 1958 1382 in
2029 1339 2283 1402 regn03

411 1439 573 1484 nam
648 1417 861 1500 Hugo
930 1416 1153 1498 Bigod
1227 1415 1584 1480 castellum
1648 1416 1953 1482 Norwici
2024 1420 2290 1501 ingres-

411 1538 534 1583 sus
575 1517 793 1582 noluit
846 1515 1127 1581 reddere
1193 1515 1367 1579 illud
1428 1516 1562 1580 nisi
1624 1517 1796 1599 regi,
1861 1526 1932 1582 et
1996 1517 2123 1582 hoc
2179 1519 2287 1582 in·

414 1619 625 1682 vitus.
699 1615 930 1700 Coepit
969 1635 1133 1698 ergo
1173 1615 1494 1697 deinceps
1531 1614 2087 1681 Normannornm
2130 1637 2290 1700 pro-

414 1717 587 1781 ditio
648 1716 1012 1799 pullulare,
1077 1714 1198 1778 sed
1261 1733 1390 1777 rex
1452 1713 1550 1778 eis
1611 1715 1902 1780 viriliter
1968 1717 2291 1781 resistens

415 1817 602 1899 cepit
662 1816 881 1899 primo
937 1815 1296 1878 castellum
1364 1812 1449 1876 de
1505 1814 1882 1879 Batintona
1936 1816 2293 1900 cujusdam

418 1915 713 1980 Roberti
745 1913 1112 1998 proditoris
1157 1911 1307 1991 sui;
1368 1912 1661 1995 indeque
1698 1907 2071 1979 ¹Exoniam
2113 1917 2296 1979 obsi-

417 2015 617 2091 dens,
646 2032 850 2096 quam
887 2014 1161 2077 tenebat
1187 2006 1655 2076 'Baldewinus
1685 2012 1770 2076 de
1795 2013 2103 2079 Redvers
2134 2034 2294 2080 con-

422 2122 538 2178 tra
594 2133 773 2190 eum,
838 2112 957 2176 sed
1014 2131 1167 2176 sero
1230 2118 1460 2174 tamen
1522 2119 1592 2176 et
1653 2131 1810 2175 cum
1868 2112 2290 2192 difficultate,

432 2211 770 2276 redditum
829 2219 934 2275 est
988 2212 1051 2274 ei
1109 2209 1471 2274 castellum
1522 2229 1677 2274 cum
1730 2212 2033 2277 civitate.
2134 2213 2293 2277 Rex

433 2318 687 2388 autem,
715 2329 929 2393 pravo
968 2330 1132 2373 usus
1166 2309 1475 2385 consilio,
1515 2330 1651 2374 non
1693 2311 2005 2376 exercuit
2040 2312 2298 2377 vindic-

440 2418 580 2475 tam
617 2410 688 2473 in
739 2409 1121 2492 proditores
1168 2427 1358 2484 suos,
1399 2408 1579 2473 unde
1619 2418 1862 2492 postea
1908 2411 2301 2475 restiterunt

435 2511 496 2574 ei
530 2517 601 2574 et
640 2508 936 2592 plurima
977 2515 1221 2573 contra
1260 2527 1417 2571 eum
1456 2514 1687 2574 castra
1722 2511 2036 2593 nequiter
2077 2510 2299 2573 firma-

431 2616 677 2673 verunt
705 2630 724 2688 3
777 2609 1086 2690 perrexit
1117 2614 1347 2671 autem
1374 2607 1531 2672 inde
1560 2607 1647 2672 ad
1666 2607 1984 2674 wectam
2009 2610 2299 2673 insulam
2388 2652 2394 2658 -

432 2717 500 2773 et
526 2707 814 2773 abstulit
831 2726 980 2772 eam
1002 2706 1401 2772 Baldewino
1419 2706 1505 2773 de
1527 2707 1839 2774 Redvers
1859 2709 2208 2791 praedicto,
2232 2718 2304 2775 et

432 2807 654 2890 ipsum
688 2809 777 2870 ab
805 2806 1063 2889 Anglia
1093 2806 1462 2871 exsulavit.
1540 2806 1699 2872 Rex
1727 2808 1964 2890 igitur,
1997 2807 2101 2873 his
2143 2828 2301 2892 pro·

437 2927 633 2990 spere
690 2906 927 2989 gestis,
986 2907 1178 2972 venit
1226 2913 1550 2971 venatum
1611 2907 1795 2990 apud
1858 2907 2305 2986 Brantonam,

438 3026 577 3071 non
635 3006 838 3089 longe
898 3007 985 3070 ab
1049 3005 1546 3083 Huntendona,
1609 3013 1679 3070 et
1738 3007 1833 3071 ibi
1894 3008 1978 3071 de
2036 3008 2306 3073 forestis

439 3125 791 3189 procerum
840 3124 1117 3177 suorum
1162 3112 1233 3169 et
1279 3106 1758 3170 venationibus
1802 3107 2185 3189 placitavit,
2239 3117 2306 3172 et

436 3213 699 3283 votum,
728 3204 909 3288 quod
946 3204 1098 3270 Deo
1131 3213 1201 3269 et
1227 3205 1485 3288 populo
1514 3204 1792 3283 fecerat,
1823 3206 2133 3271 violavit.

548 3377 727 3453 Quod
756 3378 1130 3463 Getasa-idus,
1161 3399 1343 3443 comes
1367 3377 1844 3464 Andoqavenm‘s,
1871 3379 2210 3465 mvnicipia

984 3478 1390 3543 Normauniae
1416 3475 1783 3563 euby'uqavit.

543 3601 801 3666 Eodem
862 3608 1168 3685 tempore
1227 3601 1630 3680 Gaufridus,
1697 3621 1924 3667 comes
1982 3601 2307 3687 Andega-
2332 3625 2510 3667 sumt

437 3702 696 3779 vensis,
756 3707 825 3766 et
882 3720 1061 3766 uxor
1125 3702 1279 3785 ejus
1338 3699 1653 3766 Matildis
1703 3703 1850 3766 sine
1913 3702 2310 3769 difficultate
2333 3674 2590 3774 my.

434 3801 678 3883 aliqua
750 3802 1038 3866 castella
1115 3801 1561 3866 Normanniae
1628 3801 2089 3880 obtinuerunt,
2159 3823 2313 3868 cum

438 3900 881 3964 firmitatibus
910 3902 1175 3965 cunctis
1204 3893 1565 3965 'willelmi
1610 3900 1934 3979 Talevaz,
1974 3922 2145 3985 quas
2190 3922 2313 3966 rex

437 3999 782 4065 habuerat
808 4001 882 4064 in
921 4019 1130 4064 manu
1158 4019 1309 4077 sua,
1342 4000 1660 4064 exsulato
1692 4000 2062 4066 Willelmo.
2119 4002 2317 4078 Inde,

437 4117 683 4164 mense
738 4097 1082 4182 Augusto,
1142 4118 1297 4163 cum
1360 4099 1542 4181 apud
1609 4099 2119 4183 Rothomagum
2162 4121 2316 4183 per-

440 4199 821 4276 venissent,
875 4200 1138 4281 peperit
1194 4198 1506 4263 Matildis
1553 4200 1649 4262 ibi
1698 4200 1931 4264 comiti
1983 4199 2318 4265 Gaufrido

524 4361 539 4392 ¹
558 4363 840 4428 Exercitum]
873 4364 1034 4413 Sothe
1048 4364 1362 4415 Sax.Chron.
1410 4365 1513 4413 win
1547 4365 1613 4415 de
1652 4366 1851 4429 Rivern,
1885 4367 1990 4417 earl
2028 4367 2087 4416 of
2116 4368 2318 4417 Devon-

443 4434 552 4484 and
602 4434 960 4497 Huntingdon3
1015 4435 1164 4484 Paris
1215 4435 1362 4485 reads
1411 4435 1561 4494 shirc.

444 4505 462 4532 ·
481 4503 721 4554 oxford:
1477 4501 1752 4554 ⁸Wiuezmi
1791 4500 2039 4572 ratem]
2083 4504 2100 4532 ⁴
2121 4503 2323 4553 cunel-

1412 4589 1522 4623 mus
1541 4574 1864 4635 Talnvacius,
1884 4589 2050 4625 comcs
2069 4573 2270 4622 Pontivi
2293 4567 2322 4632 ς’

526 4638 924 4692 'Baldewinasde
934 4637 1190 4711 Reduci-⁸]
1210 4642 1361 4692 Bald·
1412 4644 1653 4693 Ord.vit.
1678 4658 1730 4704 p.
1751 4648 1865 4693 9⁰8.
