3457 5887
1108 860 1240 924 412
1606 871 1874 921 Rocssm
1918 874 2012 922 1213
2062 871 2473 922 wsnnovm

792 1049 1033 1090 Aah-11⁸⁴-
1111 1033 1288 1098 oniae
1316 1031 1557 1096 ducem
1581 1049 1733 1095 cum
1766 1029 2027 1094 familia
2051 1049 2206 1107 sua,
2234 1037 2307 1094 et
2334 1030 2519 1094 infra
2545 1030 2692 1094 dies
2720 1050 2979 1113 paucos

1108 1132 1386 1197 ducissa
1444 1130 1626 1213 apud
1671 1129 2097 1196 wintoniam
2169 1130 2438 1212 peperit
2494 1130 2729 1208 filium,
2771 1151 2976 1213 quem

1112 1233 1387 1298 vocavit
1434 1230 1874 1295 Willelmum.
1977 1229 2239 1294 Eodem
2290 1248 2472 1294 anno
2517 1229 2980 1308 BaldewinuS,

1108 1332 1471 1415 episcopus
1507 1328 2036 1411 wigorniensis,
2078 1328 2337 1393 electus
2382 1336 2492 1393 est
2530 1329 2983 1412 archiepisco-

1108 1451 1238 1514 pus
1304 1428 1848 1506 Cantuariensis,
1923 1435 1994 1493 et
2044 1427 2403 1493 Walterus
2486 1426 2981 1493 Linoolnieusis

1109 1530 1366 1595 electus
1408 1538 1514 1595 est
1557 1522 1576 1561 ¹
1598 1526 2150 1611 archiepiscopus
2196 1526 2800 1611 Rothomagensis,
2841 1530 2985 1612 qui,

1109 1630 1443 1712 susceptis
1485 1627 1742 1713 palliis,
1786 1628 1861 1691 in
1906 1626 2049 1691 suis
2086 1635 2249 1691 sunt
2291 1628 2567 1692 sedibus
2612 1628 2981 1692 solenniter

1106 1728 1447 1794 collocati.
1534 1721 1832 1792 'Eodem
1872 1734 2179 1810 tempore
2220 1726 2609 1811 Philippus,
2653 1726 2976 1810 archiepi-

1107 1847 1355 1912 scopus
1404 1825 1861 1903 Coloniensis,
1922 1833 1995 1890 et
2055 1825 2443 1910 PhilippuS,
2495 1846 2726 1891 comes
2771 1827 2971 1891 Flan-

1107 1927 1396 2005 drensis,
1454 1930 1791 1992 venerunt
1855 1926 1927 1989 in
1982 1924 2312 2008 Angliam
2370 1933 2537 1991 vota
2596 1928 2971 1990 orationum

1106 2028 1311 2093 beato
1354 2026 1640 2091 Thomae
1683 2025 1969 2108 martyri
2012 2025 2329 2104 soluturi,
2372 2026 2621 2108 quibus
2664 2046 2789 2089 rex
2834 2025 2974 2089 An-

1109 2127 1378 2209 glorum
1421 2143 1805 2195 *occurrens
1862 2124 2065 2207 petiit
2120 2132 2202 2190 ut
2241 2125 2635 2189 Londonias
2674 2126 2977 2190 venirent

1108 2226 1323 2291 visuri
1378 2225 1638 2307 regiam
1701 2224 2053 2288 civitatem
2089 2244 2108 2305 ;
2146 2282 2151 2287 .
2184 2225 2258 2289 in
2318 2244 2609 2307 quorum
2657 2224 2977 2303 adventu,

1110 2326 1294 2408 quod
1340 2331 1501 2391 ante
1548 2343 1685 2390 non
1724 2329 1874 2387 erat
1915 2324 2163 2401 visum,
2211 2324 2459 2389 civitas
2505 2332 2834 2389 coronata
2877 2345 2979 2389 re-

1108 2423 1479 2508 splenduit,
1525 2421 1849 2506 gaudium
1881 2429 1954 2486 et
1983 2423 2359 2506 tripudium
2401 2443 2523 2506 per
2551 2443 2784 2488 omnes
2828 2424 2978 2506 pla-

1107 2531 1259 2589 teas
1294 2524 1592 2588 intonuit
1618 2521 1943 2587 civitatis.
2046 2520 2618 2607 Archiepiscopus
2650 2543 2814 2588 vero
2845 2522 2973 2588 Co-

1108 2623 1433 2687 loniensis
1464 2630 1537 2686 et
1562 2641 1716 2686 cum
1745 2641 1828 2685 eo
1866 2640 2093 2686 comes
2119 2622 2557 2687 Flandrensis
2579 2625 2647 2687 in
2680 2623 2969 2687 eoclaeia

1107 2723 1328 2786 sancti
1372 2720 1579 2785 Pauli
1638 2722 1942 2804 suscepti
1985 2729 2151 2786 sunt
2194 2723 2621 2805 processione
2662 2722 2962 2801 solenni;

1107 2829 1178 2886 et
1209 2821 1319 2885 die
1347 2820 1584 2885 eodem
1613 2821 1821 2884 simili
1856 2818 2113 2884 honore
2155 2821 2284 2886 sibi
2328 2821 2657 2899 exhibito,
2697 2821 2971 2885 tandem

1106 2940 1229 3005 per
1270 2919 1571 3005 quinque
1615 2919 1761 2984 dies
1804 2919 1877 2984 in
1921 2920 2180 3003 palatio
2220 2922 2405 3003 regis
2450 2922 2769 3005 expensis
2815 2928 2974 2986 sunt

1106 3021 1533 3085 effusioribus
1588 3019 1943 3102 hospitati,
1989 3019 2136 3098 sed,
2179 3041 2270 3085 an
2312 3021 2546 3086 multis
2587 3021 2975 3085 muneribus

1106 3119 1346 3185 donati
1374 3126 1825 3196 recesserunt,
1848 3137 2156 3201 quaerere
2176 3120 2594 3203 superfluum
2612 3121 2973 3185 videretur.

1106 3219 1363 3283 Eodem
1409 3238 1591 3283 anno
1644 3219 1814 3283 obiit
1843 3218 2225 3299 «locelinus,
2252 3220 2794 3285 Saresburiensis
2836 3221 2977 3303 epi-

1100 3338 1370 3403 scopus·
1894 3331 1907 3344 ·

1209 3492 1389 3568 Quod
1414 3492 1713 3558 Sat-aemi
1741 3492 2066 3578 Hispaniae
2095 3494 2474 3560 Christianos
2503 3494 2855 3562 invadentes

1707 3592 1950 3676 confusi
1980 3604 2360 3660 recesserunt.

778 3740 1076 3782 nesano-n·
1188 3708 1363 3778 His⁸
1394 3715 1688 3798 denique
1716 3717 1980 3795 diebus,
2005 3718 2188 3782 circa
2215 3719 2464 3783 festum
2498 3718 2685 3783 beati
2710 3717 2959 3782 Iohan-

777 3791 983 3843 ¹¹¹⁸⁹‘¹¹¹'
1099 3813 1208 3876 nis
1238 3813 1604 3897 Baptistae,
1638 3835 1763 3879 rex
1803 3815 2296 3882 Saracenorum
2331 3818 2450 3900 qui
2493 3826 2658 3882 sunt
2699 3819 2769 3882 in
2798 3815 2958 3880 His-

1098 3911 1327 3994 pania,
1363 3911 1679 3990 Gamius‚
1702 3915 1904 3980 duxit
1930 3936 2162 3998 regem
2190 3937 2426 4000 regum
2456 3917 2961 3993 Saracenorum,

1097 4012 1368 4076 nomine
1423 4006 1885 4090 *Macemunn
1946 4016 2131 4082 intra
2192 4016 2363 4081 fines
2425 4017 2961 4082 Christianorum

1173 4236 1190 4268 ¹
1213 4237 1610 4303 Archiepixopu
1658 4239 2011 4303 Rothmagen·
2130 4242 2151 4272 ¹
2165 4243 2389 4306 Eodem]
2422 4244 2623 4304 Diceto,
2642 4245 2741 4293 eol.
2762 4247 2873 4293 625.

1096 4307 1230 4371 sim]
1281 4309 1575 4371 Newburgh
1617 4323 1755 4370 says,
1795 4309 1904 4360 that
1945 4311 2010 4360 he
2129 4313 2268 4362 ’His
2309 4314 2509 4377 denique
2549 4314 2774 4377 aiebam]
2824 4314 2963 4361 Fron

1095 4378 1342 4428 hesitated
1364 4393 1497 4429 some
1516 4380 1635 4427 time
1667 4380 1894 4429 between
1925 4380 2009 4432 the
2060 4382 2258 4444 Diceto,
2279 4383 2375 4433 eol.
2394 4387 2509 4433 624.

1091 4447 1315 4498 increase
1348 4450 1406 4498 of
1431 4448 1624 4511 dignity
1655 4448 1756 4498 and
1793 4449 2010 4499 diminu-
2126 4450 2475 4517 *Maestum
2529 4452 2723 4514 Joseph
2756 4452 2968 4502 Amini-

1091 4517 1194 4565 tion
1225 4517 1285 4566 of
1312 4518 1517 4580 walth,
1542 4518 1709 4568 which
1743 4520 1915 4569 would
1946 4521 2008 4570 be
2058 4523 2326 4582 mumenin,
2376 4538 2433 4572 or
2485 4522 2841 4582 Almahadum,
2882 4522 2962 4569 the

1089 4586 1173 4636 the
1186 4602 1552 4650 consequences
1563 4589 1621 4640 οἱ
1627 4589 1710 4639 the
1722 4591 2006 4654 exchange;
2057 4606 2299 4653 emperor,
2334 4593 2379 4641 is
2420 4592 2537 4641 here
2565 4592 2836 4654 intended3
2880 4605 2962 4640 see

1087 4656 1162 4705 iii.
1179 4656 1206 4719 §
1222 4662 1270 4706 8.
2061 4662 2210 4727 Pagi,
2231 4661 2297 4711 ad
2320 4677 2399 4712 an.
2427 4665 2570 4725 1184,
2591 4659 2617 4728 §
2638 4667 2688 4713 8.
