3457 5887
859 1259 970 1300 ΔΛ).
993 1259 1104 1298 1146.

862 1310 1114 1350 nmmos·

859 1360 1045 1398 between

862 1507 961 1548 vn.

1173 775 1304 841 238
1673 785 1934 836 uocum
1983 787 2075 834 nn
2121 785 2528 835 wunnovsn

1243 1019 1341 1082 Do
1369 1014 1682 1082 discordia
1711 1023 1848 1081 orta
1875 1014 2037 1079 inter
2055 1036 2298 1100 papam
2330 1016 2672 1103 Euyenium
2699 1025 2755 1082 ot
2788 1039 2977 1102 reyom

1918 1115 2332 1180 Francorum.

1280 1239 1538 1304 Eodem
1581 1259 1766 1303 anno
1809 1257 1992 1321 papa
2035 1237 2387 1320 Eugenius
2430 1239 2740 1303 Parisius
2768 1241 3046 1304 veniens

1180 1340 1607 1404 consecravit
1646 1339 1931 1402 Petrum
1975 1338 2337 1420 quendam,
2372 1337 2696 1403 Aimerici
2741 1340 3046 1402 ecclesiae

860 1408 1129 1500 {mh
1184 1439 1518 1504 Romanae
1550 1436 1943 1502 cancellarii
1977 1445 2314 1519 nepotem,
2356 1439 2428 1501 in
2463 1438 3044 1521 archiepiscopum

1185 1538 1681 1603 Bituricensem
1738 1544 1980 1601 contra
2029 1535 2398 1614 Lodowici,
2461 1539 2646 1620 regis
2713 1539 3044 1614 Franciae,

1183 1637 1629 1702 voluntatem.
1732 1635 1936 1715 Quod
1980 1655 2105 1699 rex
2151 1637 2225 1699 in
2271 1636 2591 1721 injuriam
2645 1657 2792 1701 suae
2829 1637 3049 1719 digni·

1181 1737 1347 1801 tatis
1405 1737 1662 1801 factum
1733 1735 2171 1799 vehementer
2230 1737 2621 1819 indignam,
2680 1737 3047 1820 propositis

1181 1836 1449 1920 publice
1490 1835 1946 1900 sacrosanctis
1993 1834 2320 1917 reliquiis»,
2359 1837 2432 1899 in
2464 1837 2836 1918 praesentia
2879 1837 3049 1899 mul·

1179 1943 1403 2000 torum
1466 1935 1759 2020 juravit,
1825 1933 2008 2017 quod
2067 1934 2617 2018 archiepiscopus
2700 1935 3044 2019 praefatus,

1177 2035 1504 2118 quamdiu
1547 2035 1697 2118 ipse
1747 2034 2034 2111 viveret,
2079 2034 2428 2099 civitatem
2481 2035 2863 2100 Bituricam
2908 2056 3040 2099 non

1179 2135 1485 2200 intraret.
1587 2134 1703 2198 Sic
1746 2153 1868 2216 per
1910 2133 2273 2198 triennium
2318 2135 2504 2216 regis
2552 2154 2852 2217 persona
2891 2137 3041 2198 sub-

1171 2234 1396 2317 jacuit
1436 2234 1845 2312 interdict03
1901 2233 1974 2296 in
2011 2251 2488 2316 quamcunque
2538 2235 2916 2310 civitatem,
2948 2234 3043 2298 vi·

1180 2353 1336 2397 cum
1371 2333 1481 2397 vel
1514 2333 1871 2397 castellum
1912 2332 2241 2410 intrabat,
2279 2333 2831 2415 suspendebatur
2875 2333 3041 2397 cele-

1182 2434 1404 2497 bratio
1464 2432 1872 2498 divinorum.
1976 2430 2282 2495 Tandem
2335 2426 2354 2464 ¹
2373 2433 2750 2511 Bernardo,
2801 2434 3046 2496 abbate

1183 2530 1723 2609 Claraevallensi,
1766 2531 2216 2614 persuadente
2255 2531 2344 2596 ad
2383 2532 2536 2609 hoc,
2572 2540 2673 2596 est
2699 2552 2819 2596 cor
2859 2533 3045 2613 regis

1179 2631 1606 2708 inclinatum,
1659 2638 1738 2694 ut
1785 2630 2365 2713 archiepiscopum
2408 2633 2754 2715 reciperet,
2799 2639 2869 2695 et
2910 2650 3042 2713 pro

1180 2730 1725 2811 transgressione
1790 2729 2072 2814 perjurii
2141 2729 2689 2815 Hierosolymam
2746 2750 2822 2794 se
2881 2751 3043 2813 pro-

1179 2829 1481 2894 mitteret
1514 2829 1999 2913 profecturum·
2101 2829 2329 2912 Igitur
2355 2851 2479 2914 per
2510 2839 2726 2896 totam
2745 2829 3047 2895 Galliam

1181 2929 1262 2994 fit
1319 2930 1590 2996 exactio
1635 2929 2000 3013 generalis,
2050 2950 2176 2995 nec
2222 2950 2460 3010 sexus,
2511 2931 2622 2997 vel
2677 2931 2870 3009 ordo,
2928 2937 3047 2995 aut

1181 3030 1482 3112 dignitas
1531 3030 1926 3114 quempiam,
1982 3049 2314 3094 excusare
2371 3032 2601 3114 potuit
2643 3033 2815 3115 quin
2859 3031 3050 3095 auxi-

1181 3130 1347 3194 lium
1412 3131 1560 3211 regi
1610 3130 1988 3209 conferret3
2055 3130 2234 3194 unde
2288 3130 2545 3195 factum
2593 3139 2725 3210 est,
2769 3138 2852 3195 ut
2905 3130 3047 3214 ejus

1182 3230 1639 3312 peregrinatio
1711 3229 1949 3294 multis
2020 3230 2623 3311 imprecationibus
2691 3249 3051 3315 perseque-

1182 3337 1393 3408 retur,
1420 3330 1600 3394 sicut
1625 3348 1920 3412 sequens
1951 3329 2195 3393 relatio
2226 3328 2628 3395 declarabit.

1232 3525 1406 3605 Quod
1434 3527 1754 3612 Enyemius
1766 3547 1948 3612 papa
1971 3526 2181 3591 Remis
2208 3525 2534 3591 concilium
2560 3523 2883 3592 celebravit
2894 3546 3013 3611 pro

1764 3626 1992 3711 neyotio
2024 3634 2199 3690 term
2226 3635 2459 3690 sanctae.

1284 3748 1543 3813 Eodem
1570 3758 1904 3832 tempore,
1943 3752 2012 3815 in
2045 3750 2303 3835 majore
2336 3750 2650 3828 Letania,
2687 3771 2846 3815 cum
2877 3768 3054 3834 papa

1185 3848 1538 3930 Eugenius
1615 3849 1800 3930 apud
1877 3859 2185 3915 sanctam
2259 3850 2685 3917 Genovefam
2773 3851 3053 3915 solemni

1180 3948 1424 4013 suisset
1466 3949 1898 4032 processione
1941 3958 2281 4034 receptus,
2323 3953 2701 4017 servientes
2753 3951 3055 4016 ecclesiae

1178 4047 1465 4112 clericos
1528 4049 1786 4112 domini
1857 4067 2058 4132 papae
2126 4069 2207 4115 ac
2266 4052 2616 4116 ministros
2680 4051 3057 4131 fustigave-

1179 4153 1343 4210 runt
1371 4155 1442 4212 et
1483 4148 1663 4212 infra
1695 4147 1993 4231 parietes
2031 4149 2338 4214 ecclesiae
2376 4171 2612 4215 eorum
2652 4150 3052 4232 sanguinem

1179 4240 1563 4313 effuderunt
1594 4268 1615 4328 ς
1692 4247 1763 4311 in
1825 4247 2154 4312 ultionem
2217 4250 2430 4331 igitur
2486 4250 2672 4313 illius
2734 4267 3056 4313 excessus

1179 4347 1622 4412 servientium
1658 4347 1966 4412 ecclesiae
2020 4347 2312 4412 aedificia
2349 4356 2528 4413 sunt-
2561 4351 2915 4425 subversa,
2960 4356 3057 4425 et,

1219 4546 1545 4612 mmm-am]
1580 4547 1826 4610 Compare
1848 4547 1929 4597 bis
1950 4548 2140 4613 ποὺς,
2159 4548 2242 4598 ed.
2260 4548 2430 4612 Paris,
2445 4552 2593 4611 16⁹⁰,
2609 4550 2647 4600 i.
2661 4549 2778 4599 coll.
2793 4552 3032 4602 mm.
