<?xml version="1.0" encoding="UTF-8"?>
<!DOCTYPE html PUBLIC "-//W3C//DTD XHTML 1.0 Transitional//EN"
    "http://www.w3.org/TR/xhtml1/DTD/xhtml1-transitional.dtd">
<html xmlns="http://www.w3.org/1999/xhtml" xml:lang="en" lang="en">
 <head>
  <title>
</title>
<meta http-equiv="Content-Type" content="text/html;charset=utf-8" />
  <meta name='ocr-system' content='tesseract 3.04.00' />
  <meta name='ocr-capabilities' content='ocr_page ocr_carea ocr_par ocr_line ocrx_word'/>
</head>
<body>
  <div class='ocr_page' id='page_1' title='image "./rogeridewendove00wendgoog_0041.png"; bbox 0 0 3457 5887; ppageno 0'>
   <div class='ocr_carea' id='block_1_1' title="bbox 923 802 2282 873">
    <p class='ocr_par' dir='ltr' id='par_1_1' title="bbox 923 802 2282 873">
     <span class='ocr_line' id='line_1_1' title="bbox 923 802 2282 873; baseline -0.004 -2"><span class='ocrx_word' id='word_1_1' title='bbox 923 822 1198 873; x_wconf 71' lang='lat' dir='ltr'>nonus</span> <span class='ocrx_word' id='word_1_2' title='bbox 1243 820 1775 871; x_wconf 71' lang='lat' dir='ltr'>msronunuu.</span> <span class='ocrx_word' id='word_1_3' title='bbox 2193 802 2282 867; x_wconf 72' lang='lat'>³5</span> 
     </span>
    </p>
   </div>
   <div class='ocr_carea' id='block_1_2' title="bbox 406 974 2543 1143">
    <p class='ocr_par' dir='ltr' id='par_1_2' title="bbox 406 974 2543 1143">
     <span class='ocr_line' id='line_1_2' title="bbox 406 974 2543 1064; baseline -0.003 -22"><span class='ocrx_word' id='word_1_4' title='bbox 406 984 663 1054; x_wconf 78' lang='lat' dir='ltr'>terunt,</span> <span class='ocrx_word' id='word_1_5' title='bbox 694 997 877 1056; x_wconf 90' lang='lat' dir='ltr'>nam,</span> <span class='ocrx_word' id='word_1_6' title='bbox 913 998 1000 1042; x_wconf 87' lang='lat' dir='ltr'>ne</span> <span class='ocrx_word' id='word_1_7' title='bbox 1032 979 1172 1045; x_wconf 81' lang='lat' dir='ltr'>vivi</span> <span class='ocrx_word' id='word_1_8' title='bbox 1196 985 1622 1064; x_wconf 74' lang='lat' dir='ltr'><strong>caperentur,</strong></span> <span class='ocrx_word' id='word_1_9' title='bbox 1655 976 1839 1040; x_wconf 87' lang='lat' dir='ltr'>ultro</span> <span class='ocrx_word' id='word_1_10' title='bbox 1868 974 2278 1040; x_wconf 77' lang='lat' dir='ltr'>sese-flucti-</span> <span class='ocrx_word' id='word_1_11' title='bbox 2303 982 2412 1025; x_wconf 73' lang='grc' dir='ltr'>Δ-ῡ-</span> <span class='ocrx_word' id='word_1_12' title='bbox 2431 983 2543 1023; x_wconf 79' lang='lat'><strong>¹⁰⁸⁸·</strong></span> 
     </span>
     <span class='ocr_line' id='line_1_3' title="bbox 406 1077 1094 1143; baseline 0.003 -3"><span class='ocrx_word' id='word_1_13' title='bbox 406 1077 535 1140; x_wconf 84' lang='lat' dir='ltr'>bus</span> <span class='ocrx_word' id='word_1_14' title='bbox 561 1079 1094 1143; x_wconf 88' lang='lat' dir='ltr'>submerserunt.</span> 
     </span>
    </p>
   </div>
   <div class='ocr_carea' id='block_1_3' title="bbox 687 1246 1977 1334">
    <p class='ocr_par' dir='ltr' id='par_1_3' title="bbox 687 1246 1977 1334">
     <span class='ocr_line' id='line_1_4' title="bbox 687 1246 1977 1334; baseline -0.002 -21"><span class='ocrx_word' id='word_1_15' title='bbox 687 1249 786 1313; x_wconf 81' lang='lat' dir='ltr'>Do</span> <span class='ocrx_word' id='word_1_16' title='bbox 812 1249 1071 1334; x_wconf 77' lang='lat' dir='ltr'>quodam</span> <span class='ocrx_word' id='word_1_17' title='bbox 1096 1248 1284 1312; x_wconf 70' lang='lat' dir='ltr'>divite</span> <span class='ocrx_word' id='word_1_18' title='bbox 1309 1268 1352 1312; x_wconf 79' lang='lat' dir='ltr'><em>a</em></span> <span class='ocrx_word' id='word_1_19' title='bbox 1378 1246 1652 1313; x_wconf 69' lang='lat' dir='ltr'>muribus</span> <span class='ocrx_word' id='word_1_20' title='bbox 1677 1248 1977 1312; x_wconf 75' lang='lat' dir='ltr'>devorato.</span> 
     </span>
    </p>
   </div>
   <div class='ocr_carea' id='block_1_4' title="bbox 398 1369 2537 4009">
    <p class='ocr_par' dir='ltr' id='par_1_4' title="bbox 398 1369 2537 4009">
     <span class='ocr_line' id='line_1_5' title="bbox 489 1369 2537 1478; baseline 0 -43"><span class='ocrx_word' id='word_1_21' title='bbox 489 1369 692 1435; x_wconf 88' lang='lat' dir='ltr'>Anno</span> <span class='ocrx_word' id='word_1_22' title='bbox 723 1372 1003 1435; x_wconf 90' lang='lat' dir='ltr'>Domini</span> <span class='ocrx_word' id='word_1_23' title='bbox 1030 1388 1408 1435; x_wconf 75' lang='lat' dir='ltr'><strong>MLxxxlx.</strong></span> <span class='ocrx_word' id='word_1_24' title='bbox 1436 1372 1613 1449; x_wconf 90' lang='lat' dir='ltr'>Odo,</span> <span class='ocrx_word' id='word_1_25' title='bbox 1642 1392 1732 1437; x_wconf 87' lang='lat' dir='ltr'>ex</span> <span class='ocrx_word' id='word_1_26' title='bbox 1751 1371 2084 1436; x_wconf 88' lang='lat' dir='ltr'>monacho</span> <span class='ocrx_word' id='word_1_27' title='bbox 2106 1369 2271 1435; x_wconf 89' lang='lat' dir='ltr'>Clu·</span> <span class='ocrx_word' id='word_1_28' title='bbox 2296 1377 2537 1478; x_wconf 46' lang='lat' dir='ltr'>Q*-</span> 
     </span>
     <span class='ocr_line' id='line_1_6' title="bbox 407 1464 2272 1553; baseline 0 -20"><span class='ocrx_word' id='word_1_29' title='bbox 407 1470 708 1535; x_wconf 87' lang='lat' dir='ltr'>niaeensi</span> <span class='ocrx_word' id='word_1_30' title='bbox 736 1472 1094 1553; x_wconf 89' lang='lat' dir='ltr'>episcopus</span> <span class='ocrx_word' id='word_1_31' title='bbox 1119 1471 1458 1535; x_wconf 82' lang='lat' dir='ltr'>Ostiensis</span> <span class='ocrx_word' id='word_1_32' title='bbox 1488 1471 1791 1547; x_wconf 86' lang='lat' dir='ltr'>effectus,</span> <span class='ocrx_word' id='word_1_33' title='bbox 1821 1479 2064 1535; x_wconf 86' lang='lat' dir='ltr'>eontra</span> <span class='ocrx_word' id='word_1_34' title='bbox 2091 1464 2272 1534; x_wconf 84' lang='lat' dir='ltr'>¹Cle-</span> 
     </span>
     <span class='ocr_line' id='line_1_7' title="bbox 406 1570 2272 1653; baseline 0.002 -22"><span class='ocrx_word' id='word_1_35' title='bbox 406 1578 698 1633; x_wconf 83' lang='lat' dir='ltr'><strong>mentem</strong></span> <span class='ocrx_word' id='word_1_36' title='bbox 744 1589 994 1652; x_wconf 87' lang='lat' dir='ltr'>papam</span> <span class='ocrx_word' id='word_1_37' title='bbox 1039 1578 1109 1634; x_wconf 88' lang='lat' dir='ltr'>et</span> <span class='ocrx_word' id='word_1_38' title='bbox 1145 1570 1522 1634; x_wconf 87' lang='lat' dir='ltr'>Henricum</span> <span class='ocrx_word' id='word_1_39' title='bbox 1566 1571 2042 1653; x_wconf 79' lang='lat' dir='ltr'>imperatorem</span> <span class='ocrx_word' id='word_1_40' title='bbox 2090 1588 2272 1653; x_wconf 85' lang='lat' dir='ltr'>papa</span> 
     </span>
     <span class='ocr_line' id='line_1_8' title="bbox 406 1662 2273 1753; baseline 0.001 -22"><span class='ocrx_word' id='word_1_41' title='bbox 406 1675 479 1731; x_wconf 91' lang='lat' dir='ltr'>et</span> <span class='ocrx_word' id='word_1_42' title='bbox 528 1668 847 1732; x_wconf 88' lang='lat' dir='ltr'>Urbanus</span> <span class='ocrx_word' id='word_1_43' title='bbox 887 1677 1194 1734; x_wconf 83' lang='lat' dir='ltr'>vocatur.</span> <span class='ocrx_word' id='word_1_44' title='bbox 1292 1662 1564 1753; x_wconf 79' lang='lat' dir='ltr'>²Hujus</span> <span class='ocrx_word' id='word_1_45' title='bbox 1609 1689 1809 1752; x_wconf 80' lang='lat' dir='ltr'>papae</span> <span class='ocrx_word' id='word_1_46' title='bbox 1856 1670 2273 1751; x_wconf 82' lang='lat' dir='ltr'>temporibus</span> 
     </span>
     <span class='ocr_line' id='line_1_9' title="bbox 406 1763 2269 1851; baseline 0.001 -22"><span class='ocrx_word' id='word_1_47' title='bbox 406 1763 892 1831; x_wconf 86' lang='lat' dir='ltr'>Alemannicus</span> <span class='ocrx_word' id='word_1_48' title='bbox 924 1787 1149 1832; x_wconf 87' lang='lat' dir='ltr'>comes</span> <span class='ocrx_word' id='word_1_49' title='bbox 1188 1768 1488 1851; x_wconf 88' lang='lat' dir='ltr'>quidam,</span> <span class='ocrx_word' id='word_1_50' title='bbox 1520 1768 1807 1832; x_wconf 89' lang='lat' dir='ltr'>Henrici</span> <span class='ocrx_word' id='word_1_51' title='bbox 1840 1768 2269 1851; x_wconf 87' lang='lat' dir='ltr'>imperatoris</span> 
     </span>
     <span class='ocr_line' id='line_1_10' title="bbox 402 1866 2267 1949; baseline 0.001 -20"><span class='ocrx_word' id='word_1_52' title='bbox 402 1874 796 1946; x_wconf 89' lang='lat' dir='ltr'>persecutor</span> <span class='ocrx_word' id='word_1_53' title='bbox 839 1868 1311 1948; x_wconf 83' lang='lat' dir='ltr'>gravissimus,</span> <span class='ocrx_word' id='word_1_54' title='bbox 1355 1887 1510 1931; x_wconf 87' lang='lat' dir='ltr'>cum</span> <span class='ocrx_word' id='word_1_55' title='bbox 1553 1867 1848 1949; x_wconf 88' lang='lat' dir='ltr'>quodam</span> <span class='ocrx_word' id='word_1_56' title='bbox 1892 1867 2000 1931; x_wconf 91' lang='lat' dir='ltr'>die</span> <span class='ocrx_word' id='word_1_57' title='bbox 2049 1866 2267 1931; x_wconf 87' lang='lat' dir='ltr'>tristis</span> 
     </span>
     <span class='ocr_line' id='line_1_11' title="bbox 402 1964 2266 2049; baseline 0.001 -22"><span class='ocrx_word' id='word_1_58' title='bbox 402 1964 492 2027; x_wconf 87' lang='lat' dir='ltr'>ad</span> <span class='ocrx_word' id='word_1_59' title='bbox 520 1984 824 2029; x_wconf 89' lang='lat' dir='ltr'>mensam</span> <span class='ocrx_word' id='word_1_60' title='bbox 862 1967 1213 2044; x_wconf 86' lang='lat' dir='ltr'>resideret,</span> <span class='ocrx_word' id='word_1_61' title='bbox 1251 1966 1779 2031; x_wconf 79' lang='lat' dir='ltr'>ministrantium</span> <span class='ocrx_word' id='word_1_62' title='bbox 1812 1966 2107 2049; x_wconf 88' lang='lat' dir='ltr'>stipatus</span> <span class='ocrx_word' id='word_1_63' title='bbox 2149 1985 2266 2030; x_wconf 87' lang='lat' dir='ltr'>ea-</span> 
     </span>
     <span class='ocr_line' id='line_1_12' title="bbox 405 2065 2266 2147; baseline 0.001 -21"><span class='ocrx_word' id='word_1_64' title='bbox 405 2065 645 2140; x_wconf 67' lang='lat' dir='ltr'>tervis»,</span> <span class='ocrx_word' id='word_1_65' title='bbox 687 2065 791 2127; x_wconf 83' lang='lat' dir='ltr'>ita</span> <span class='ocrx_word' id='word_1_66' title='bbox 830 2073 1105 2147; x_wconf 90' lang='lat' dir='ltr'>repente</span> <span class='ocrx_word' id='word_1_67' title='bbox 1143 2083 1187 2128; x_wconf 89' lang='lat' dir='ltr'>a</span> <span class='ocrx_word' id='word_1_68' title='bbox 1219 2066 1522 2128; x_wconf 76' lang='lat' dir='ltr'>muribus</span> <span class='ocrx_word' id='word_1_69' title='bbox 1562 2074 1671 2129; x_wconf 88' lang='lat' dir='ltr'>est</span> <span class='ocrx_word' id='word_1_70' title='bbox 1711 2065 2266 2130; x_wconf 86' lang='lat' dir='ltr'>circumvallatus</span> 
     </span>
     <span class='ocr_line' id='line_1_13' title="bbox 407 2163 2266 2245; baseline 0.001 -21"><span class='ocrx_word' id='word_1_71' title='bbox 407 2169 490 2224; x_wconf 90' lang='lat' dir='ltr'>ut</span> <span class='ocrx_word' id='word_1_72' title='bbox 549 2182 883 2245; x_wconf 81' lang='lat' dir='ltr'>nusquam</span> <span class='ocrx_word' id='word_1_73' title='bbox 941 2164 1072 2226; x_wconf 90' lang='lat' dir='ltr'>sibi</span> <span class='ocrx_word' id='word_1_74' title='bbox 1133 2163 1487 2244; x_wconf 80' lang='lat' dir='ltr'>diffugium</span> <span class='ocrx_word' id='word_1_75' title='bbox 1547 2171 1960 2245; x_wconf 87' lang='lat' dir='ltr'>appareret;</span> <span class='ocrx_word' id='word_1_76' title='bbox 2030 2170 2266 2228; x_wconf 87' lang='lat' dir='ltr'>tantus</span> 
     </span>
     <span class='ocr_line' id='line_1_14' title="bbox 410 2259 2268 2327; baseline 0.001 -4"><span class='ocrx_word' id='word_1_77' title='bbox 410 2259 590 2324; x_wconf 86' lang='lat' dir='ltr'>enim</span> <span class='ocrx_word' id='word_1_78' title='bbox 652 2268 801 2325; x_wconf 87' lang='lat' dir='ltr'>erat</span> <span class='ocrx_word' id='word_1_79' title='bbox 855 2261 1130 2325; x_wconf 88' lang='lat' dir='ltr'>illarum</span> <span class='ocrx_word' id='word_1_80' title='bbox 1187 2279 1504 2325; x_wconf 86' lang='lat' dir='ltr'>numerus</span> <span class='ocrx_word' id='word_1_81' title='bbox 1558 2263 2000 2327; x_wconf 79' lang='lat' dir='ltr'>bestiolarum</span> <span class='ocrx_word' id='word_1_82' title='bbox 2060 2270 2141 2325; x_wconf 92' lang='lat' dir='ltr'>ut</span> <span class='ocrx_word' id='word_1_83' title='bbox 2194 2263 2268 2324; x_wconf 91' lang='lat' dir='ltr'>in</span> 
     </span>
     <span class='ocr_line' id='line_1_15' title="bbox 406 2359 2267 2442; baseline 0 -19"><span class='ocrx_word' id='word_1_84' title='bbox 406 2361 687 2441; x_wconf 77' lang='lat' dir='ltr'>regione</span> <span class='ocrx_word' id='word_1_85' title='bbox 718 2360 908 2424; x_wconf 88' lang='lat' dir='ltr'>nulla</span> <span class='ocrx_word' id='word_1_86' title='bbox 945 2367 1049 2425; x_wconf 89' lang='lat' dir='ltr'>tot</span> <span class='ocrx_word' id='word_1_87' title='bbox 1079 2360 1386 2425; x_wconf 85' lang='lat' dir='ltr'>crederes</span> <span class='ocrx_word' id='word_1_88' title='bbox 1420 2359 1785 2425; x_wconf 86' lang='lat' dir='ltr'>abundare.</span> <span class='ocrx_word' id='word_1_89' title='bbox 1889 2360 2137 2442; x_wconf 85' lang='lat' dir='ltr'>Itaque</span> <span class='ocrx_word' id='word_1_90' title='bbox 2166 2359 2267 2423; x_wconf 81' lang='lat' dir='ltr'>fa·</span> 
     </span>
     <span class='ocr_line' id='line_1_16' title="bbox 404 2459 2267 2541; baseline 0 -20"><span class='ocrx_word' id='word_1_91' title='bbox 404 2459 573 2523; x_wconf 88' lang='lat' dir='ltr'>muli</span> <span class='ocrx_word' id='word_1_92' title='bbox 607 2480 760 2524; x_wconf 88' lang='lat' dir='ltr'>eum</span> <span class='ocrx_word' id='word_1_93' title='bbox 793 2460 1085 2523; x_wconf 82' lang='lat' dir='ltr'>fustibus</span> <span class='ocrx_word' id='word_1_94' title='bbox 1115 2468 1185 2523; x_wconf 84' lang='lat' dir='ltr'>et</span> <span class='ocrx_word' id='word_1_95' title='bbox 1210 2460 1494 2536; x_wconf 87' lang='lat' dir='ltr'>baculis,</span> <span class='ocrx_word' id='word_1_96' title='bbox 1512 2460 1630 2541; x_wconf 89' lang='lat' dir='ltr'>qni</span> <span class='ocrx_word' id='word_1_97' title='bbox 1659 2460 1745 2522; x_wconf 89' lang='lat' dir='ltr'>ad</span> <span class='ocrx_word' id='word_1_98' title='bbox 1779 2478 2023 2523; x_wconf 88' lang='lat' dir='ltr'>manus</span> <span class='ocrx_word' id='word_1_99' title='bbox 2041 2459 2267 2523; x_wconf 85' lang='lat' dir='ltr'>venie·</span> 
     </span>
     <span class='ocr_line' id='line_1_17' title="bbox 402 2558 2267 2635; baseline 0 -14"><span class='ocrx_word' id='word_1_100' title='bbox 402 2558 592 2635; x_wconf 88' lang='lat' dir='ltr'>bant,</span> <span class='ocrx_word' id='word_1_101' title='bbox 627 2579 783 2623; x_wconf 88' lang='lat' dir='ltr'>cum</span> <span class='ocrx_word' id='word_1_102' title='bbox 827 2560 1130 2622; x_wconf 88' lang='lat' dir='ltr'>muribus</span> <span class='ocrx_word' id='word_1_103' title='bbox 1175 2560 1651 2635; x_wconf 86' lang='lat' dir='ltr'>occurrissent,</span> <span class='ocrx_word' id='word_1_104' title='bbox 1679 2558 1800 2622; x_wconf 92' lang='lat' dir='ltr'>diu</span> <span class='ocrx_word' id='word_1_105' title='bbox 1836 2560 1910 2622; x_wconf 91' lang='lat' dir='ltr'>in</span> <span class='ocrx_word' id='word_1_106' title='bbox 1950 2558 2105 2622; x_wconf 86' lang='lat' dir='ltr'>illos</span> <span class='ocrx_word' id='word_1_107' title='bbox 2137 2577 2267 2621; x_wconf 81' lang='lat' dir='ltr'>sae-</span> 
     </span>
     <span class='ocr_line' id='line_1_18' title="bbox 398 2656 2265 2740; baseline -0.001 -20"><span class='ocrx_word' id='word_1_108' title='bbox 398 2658 664 2723; x_wconf 83' lang='lat' dir='ltr'>vientes</span> <span class='ocrx_word' id='word_1_109' title='bbox 706 2657 879 2721; x_wconf 88' lang='lat' dir='ltr'>nihil</span> <span class='ocrx_word' id='word_1_110' title='bbox 921 2659 1194 2740; x_wconf 86' lang='lat' dir='ltr'>penitus</span> <span class='ocrx_word' id='word_1_111' title='bbox 1228 2656 1683 2739; x_wconf 83' lang='lat' dir='ltr'>profecerunt,</span> <span class='ocrx_word' id='word_1_112' title='bbox 1712 2657 1878 2740; x_wconf 91' lang='lat' dir='ltr'>quin</span> <span class='ocrx_word' id='word_1_113' title='bbox 1921 2657 2265 2720; x_wconf 90' lang='lat' dir='ltr'>dominum</span> 
     </span>
     <span class='ocr_line' id='line_1_19' title="bbox 399 2754 2265 2839; baseline -0.001 -20"><span class='ocrx_word' id='word_1_114' title='bbox 399 2757 620 2820; x_wconf 89' lang='lat' dir='ltr'>solum</span> <span class='ocrx_word' id='word_1_115' title='bbox 673 2757 987 2821; x_wconf 87' lang='lat' dir='ltr'>dentibus</span> <span class='ocrx_word' id='word_1_116' title='bbox 1039 2756 1320 2821; x_wconf 88' lang='lat' dir='ltr'>terribili</span> <span class='ocrx_word' id='word_1_117' title='bbox 1362 2757 1659 2839; x_wconf 90' lang='lat' dir='ltr'>quodam</span> <span class='ocrx_word' id='word_1_118' title='bbox 1715 2775 1994 2820; x_wconf 86' lang='lat' dir='ltr'>corrosu</span> <span class='ocrx_word' id='word_1_119' title='bbox 2050 2754 2265 2818; x_wconf 89' lang='lat' dir='ltr'>lania-</span> 
     </span>
     <span class='ocr_line' id='line_1_20' title="bbox 401 2854 2266 2938; baseline 0 -20"><span class='ocrx_word' id='word_1_120' title='bbox 401 2862 559 2919; x_wconf 91' lang='lat' dir='ltr'>rent</span> <span class='ocrx_word' id='word_1_121' title='bbox 590 2876 608 2934; x_wconf 75' lang='grc' dir='ltr'><strong>ς</strong></span> <span class='ocrx_word' id='word_1_122' title='bbox 662 2861 733 2919; x_wconf 87' lang='lat' dir='ltr'>et</span> <span class='ocrx_word' id='word_1_123' title='bbox 762 2856 1070 2938; x_wconf 86' lang='lat' dir='ltr'>quamvis</span> <span class='ocrx_word' id='word_1_124' title='bbox 1115 2874 1160 2919; x_wconf 90' lang='lat' dir='ltr'>a</span> <span class='ocrx_word' id='word_1_125' title='bbox 1200 2856 1527 2919; x_wconf 86' lang='lat' dir='ltr'>ministris</span> <span class='ocrx_word' id='word_1_126' title='bbox 1568 2874 1820 2936; x_wconf 81' lang='lat' dir='ltr'>magno</span> <span class='ocrx_word' id='word_1_127' title='bbox 1863 2861 2116 2919; x_wconf 86' lang='lat' dir='ltr'>conatu</span> <span class='ocrx_word' id='word_1_128' title='bbox 2144 2854 2266 2918; x_wconf 89' lang='lat' dir='ltr'>ba-</span> 
     </span>
     <span class='ocr_line' id='line_1_21' title="bbox 402 2953 2267 3037; baseline 0 -19"><span class='ocrx_word' id='word_1_129' title='bbox 402 2955 580 3018; x_wconf 83' lang='lat' dir='ltr'>culis</span> <span class='ocrx_word' id='word_1_130' title='bbox 626 2963 1159 3037; x_wconf 88' lang='lat' dir='ltr'>percuterentur,</span> <span class='ocrx_word' id='word_1_131' title='bbox 1192 2955 1360 3018; x_wconf 88' lang='lat' dir='ltr'>nulli</span> <span class='ocrx_word' id='word_1_132' title='bbox 1395 2962 1623 3020; x_wconf 86' lang='lat' dir='ltr'>tamen</span> <span class='ocrx_word' id='word_1_133' title='bbox 1660 2955 1982 3019; x_wconf 90' lang='lat' dir='ltr'>damnum</span> <span class='ocrx_word' id='word_1_134' title='bbox 2024 2953 2267 3018; x_wconf 87' lang='lat' dir='ltr'>infere-</span> 
     </span>
     <span class='ocr_line' id='line_1_22' title="bbox 400 3053 2266 3136; baseline 0 -19"><span class='ocrx_word' id='word_1_135' title='bbox 400 3054 597 3130; x_wconf 89' lang='lat' dir='ltr'>bant,</span> <span class='ocrx_word' id='word_1_136' title='bbox 626 3055 788 3135; x_wconf 88' lang='lat' dir='ltr'>quia</span> <span class='ocrx_word' id='word_1_137' title='bbox 821 3074 946 3118; x_wconf 89' lang='lat' dir='ltr'>nec</span> <span class='ocrx_word' id='word_1_138' title='bbox 980 3056 1165 3136; x_wconf 90' lang='lat' dir='ltr'>ipsas</span> <span class='ocrx_word' id='word_1_139' title='bbox 1196 3061 1477 3135; x_wconf 77' lang='lat' dir='ltr'>tangere</span> <span class='ocrx_word' id='word_1_140' title='bbox 1506 3054 1832 3118; x_wconf 85' lang='lat' dir='ltr'>bestiolas</span> <span class='ocrx_word' id='word_1_141' title='bbox 1871 3061 1993 3118; x_wconf 91' lang='lat' dir='ltr'>aut</span> <span class='ocrx_word' id='word_1_142' title='bbox 2019 3053 2266 3117; x_wconf 76' lang='lat' dir='ltr'>laedere</span> 
     </span>
     <span class='ocr_line' id='line_1_23' title="bbox 398 3147 2267 3234; baseline -0.001 -17"><span class='ocrx_word' id='word_1_143' title='bbox 398 3161 793 3233; x_wconf 87' lang='lat' dir='ltr'>potuerunt.</span> <span class='ocrx_word' id='word_1_144' title='bbox 894 3147 1232 3217; x_wconf 73' lang='lat' dir='ltr'>³&#39;I&#39;andem</span> <span class='ocrx_word' id='word_1_145' title='bbox 1275 3171 1317 3215; x_wconf 90' lang='lat' dir='ltr'>a</span> <span class='ocrx_word' id='word_1_146' title='bbox 1362 3153 1814 3217; x_wconf 84' lang='lat' dir='ltr'>servientibus</span> <span class='ocrx_word' id='word_1_147' title='bbox 1856 3152 2130 3234; x_wconf 82' lang='lat' dir='ltr'>longius</span> <span class='ocrx_word' id='word_1_148' title='bbox 2179 3151 2267 3215; x_wconf 88' lang='lat' dir='ltr'>ad</span> 
     </span>
     <span class='ocr_line' id='line_1_24' title="bbox 399 3251 2263 3333; baseline -0.001 -18"><span class='ocrx_word' id='word_1_149' title='bbox 399 3252 725 3333; x_wconf 88' lang='lat' dir='ltr'>pelagum</span> <span class='ocrx_word' id='word_1_150' title='bbox 753 3251 1018 3316; x_wconf 86' lang='lat' dir='ltr'>delatus</span> <span class='ocrx_word' id='word_1_151' title='bbox 1048 3259 1119 3316; x_wconf 88' lang='lat' dir='ltr'>et</span> <span class='ocrx_word' id='word_1_152' title='bbox 1144 3253 1216 3314; x_wconf 92' lang='lat' dir='ltr'>in</span> <span class='ocrx_word' id='word_1_153' title='bbox 1245 3270 1402 3315; x_wconf 86' lang='lat' dir='ltr'>eum</span> <span class='ocrx_word' id='word_1_154' title='bbox 1429 3251 1591 3315; x_wconf 80' lang='lat' dir='ltr'>navi</span> <span class='ocrx_word' id='word_1_155' title='bbox 1620 3252 1943 3315; x_wconf 83' lang='lat' dir='ltr'>devectus</span> <span class='ocrx_word' id='word_1_156' title='bbox 1975 3252 2263 3315; x_wconf 89' lang='lat' dir='ltr'>murium</span> 
     </span>
     <span class='ocr_line' id='line_1_25' title="bbox 400 3350 2262 3428; baseline 0.001 -16"><span class='ocrx_word' id='word_1_157' title='bbox 400 3351 500 3414; x_wconf 87' lang='lat' dir='ltr'>sic</span> <span class='ocrx_word' id='word_1_158' title='bbox 527 3351 921 3415; x_wconf 86' lang='lat' dir='ltr'>violentiam</span> <span class='ocrx_word' id='word_1_159' title='bbox 954 3370 1091 3415; x_wconf 88' lang='lat' dir='ltr'>non</span> <span class='ocrx_word' id='word_1_160' title='bbox 1137 3350 1397 3428; x_wconf 80' lang='lat' dir='ltr'>evasit3</span> <span class='ocrx_word' id='word_1_161' title='bbox 1450 3368 1607 3413; x_wconf 88' lang='lat' dir='ltr'>nam</span> <span class='ocrx_word' id='word_1_162' title='bbox 1653 3350 1838 3414; x_wconf 83' lang='lat' dir='ltr'>illico</span> <span class='ocrx_word' id='word_1_163' title='bbox 1873 3357 2069 3414; x_wconf 86' lang='lat' dir='ltr'>tanta</span> <span class='ocrx_word' id='word_1_164' title='bbox 2107 3350 2262 3413; x_wconf 89' lang='lat' dir='ltr'>bes-</span> 
     </span>
     <span class='ocr_line' id='line_1_26' title="bbox 399 3448 2263 3531; baseline -0.001 -18"><span class='ocrx_word' id='word_1_165' title='bbox 399 3451 718 3514; x_wconf 88' lang='lat' dir='ltr'>tiolarum</span> <span class='ocrx_word' id='word_1_166' title='bbox 748 3450 1110 3515; x_wconf 87' lang='lat' dir='ltr'>multitudo</span> <span class='ocrx_word' id='word_1_167' title='bbox 1138 3449 1501 3513; x_wconf 80' lang='lat' dir='ltr'>inundavit</span> <span class='ocrx_word' id='word_1_168' title='bbox 1542 3451 1616 3514; x_wconf 91' lang='lat' dir='ltr'>in</span> <span class='ocrx_word' id='word_1_169' title='bbox 1652 3449 1922 3531; x_wconf 78' lang='lat' dir='ltr'>pelago,</span> <span class='ocrx_word' id='word_1_170' title='bbox 1953 3457 2031 3512; x_wconf 91' lang='lat' dir='ltr'>ut</span> <span class='ocrx_word' id='word_1_171' title='bbox 2065 3448 2263 3513; x_wconf 85' lang='lat' dir='ltr'>navis</span> 
     </span>
     <span class='ocr_line' id='line_1_27' title="bbox 399 3548 2266 3631; baseline 0 -20"><span class='ocrx_word' id='word_1_172' title='bbox 399 3548 712 3613; x_wconf 84' lang='lat' dir='ltr'>tabulata</span> <span class='ocrx_word' id='word_1_173' title='bbox 754 3549 1116 3613; x_wconf 87' lang='lat' dir='ltr'>corrodens</span> <span class='ocrx_word' id='word_1_174' title='bbox 1163 3548 1634 3631; x_wconf 84' lang='lat' dir='ltr'>perforaverit,</span> <span class='ocrx_word' id='word_1_175' title='bbox 1684 3556 1766 3611; x_wconf 87' lang='lat' dir='ltr'>ut</span> <span class='ocrx_word' id='word_1_176' title='bbox 1805 3556 2066 3612; x_wconf 88' lang='lat' dir='ltr'>eertum</span> <span class='ocrx_word' id='word_1_177' title='bbox 2096 3566 2266 3611; x_wconf 89' lang='lat' dir='ltr'>nau-</span> 
     </span>
     <span class='ocr_line' id='line_1_28' title="bbox 400 3646 2261 3731; baseline 0 -22"><span class='ocrx_word' id='word_1_178' title='bbox 400 3646 692 3729; x_wconf 78' lang='lat' dir='ltr'>fragium</span> <span class='ocrx_word' id='word_1_179' title='bbox 747 3667 931 3730; x_wconf 89' lang='lat' dir='ltr'>aqua</span> <span class='ocrx_word' id='word_1_180' title='bbox 980 3669 1103 3731; x_wconf 91' lang='lat' dir='ltr'>per</span> <span class='ocrx_word' id='word_1_181' title='bbox 1144 3648 1354 3711; x_wconf 90' lang='lat' dir='ltr'>rimas</span> <span class='ocrx_word' id='word_1_182' title='bbox 1398 3646 1788 3728; x_wconf 78' lang='lat' dir='ltr'>ingrediens</span> <span class='ocrx_word' id='word_1_183' title='bbox 1842 3647 2261 3725; x_wconf 76' lang='lat' dir='ltr'>minaretur-3</span> 
     </span>
     <span class='ocr_line' id='line_1_29' title="bbox 398 3744 2264 3828; baseline -0.001 -18"><span class='ocrx_word' id='word_1_184' title='bbox 398 3747 522 3810; x_wconf 85' lang='lat' dir='ltr'>sed</span> <span class='ocrx_word' id='word_1_185' title='bbox 567 3746 801 3810; x_wconf 81' lang='lat' dir='ltr'>famuli</span> <span class='ocrx_word' id='word_1_186' title='bbox 848 3746 995 3810; x_wconf 79' lang='lat' dir='ltr'>haec</span> <span class='ocrx_word' id='word_1_187' title='bbox 1025 3747 1359 3823; x_wconf 79' lang='lat' dir='ltr'>videntes,</span> <span class='ocrx_word' id='word_1_188' title='bbox 1388 3766 1687 3828; x_wconf 89' lang='lat' dir='ltr'>puppem</span> <span class='ocrx_word' id='word_1_189' title='bbox 1732 3745 1821 3808; x_wconf 88' lang='lat' dir='ltr'>ad</span> <span class='ocrx_word' id='word_1_190' title='bbox 1859 3746 2057 3810; x_wconf 88' lang='lat' dir='ltr'>littus</span> <span class='ocrx_word' id='word_1_191' title='bbox 2093 3744 2264 3809; x_wconf 86' lang='lat' dir='ltr'>cele-</span> 
     </span>
     <span class='ocr_line' id='line_1_30' title="bbox 401 3844 2265 3929; baseline -0.001 -21"><span class='ocrx_word' id='word_1_192' title='bbox 401 3845 573 3909; x_wconf 90' lang='lat' dir='ltr'>riter</span> <span class='ocrx_word' id='word_1_193' title='bbox 623 3847 1130 3929; x_wconf 86' lang='lat' dir='ltr'>retorquebant,</span> <span class='ocrx_word' id='word_1_194' title='bbox 1174 3845 1294 3910; x_wconf 87' lang='lat' dir='ltr'>sed</span> <span class='ocrx_word' id='word_1_195' title='bbox 1358 3864 1587 3908; x_wconf 87' lang='lat' dir='ltr'>mures</span> <span class='ocrx_word' id='word_1_196' title='bbox 1638 3852 2004 3927; x_wconf 87' lang='lat' dir='ltr'>antequam</span> <span class='ocrx_word' id='word_1_197' title='bbox 2067 3844 2265 3908; x_wconf 81' lang='lat' dir='ltr'>navis</span> 
     </span>
     <span class='ocr_line' id='line_1_31' title="bbox 399 3943 2264 4009; baseline -0.002 0"><span class='ocrx_word' id='word_1_198' title='bbox 399 3944 489 4008; x_wconf 87' lang='lat' dir='ltr'>ad</span> <span class='ocrx_word' id='word_1_199' title='bbox 539 3952 789 4009; x_wconf 86' lang='lat' dir='ltr'>terram</span> <span class='ocrx_word' id='word_1_200' title='bbox 841 3945 1189 4009; x_wconf 83' lang='lat' dir='ltr'>venientes</span> <span class='ocrx_word' id='word_1_201' title='bbox 1254 3944 1575 4007; x_wconf 89' lang='lat' dir='ltr'>miserum</span> <span class='ocrx_word' id='word_1_202' title='bbox 1627 3944 1822 4007; x_wconf 89' lang='lat' dir='ltr'>illum</span> <span class='ocrx_word' id='word_1_203' title='bbox 1881 3945 1953 4007; x_wconf 89' lang='lat' dir='ltr'>in</span> <span class='ocrx_word' id='word_1_204' title='bbox 2005 3943 2264 4007; x_wconf 89' lang='lat' dir='ltr'>aridam</span> 
     </span>
    </p>
   </div>
   <div class='ocr_carea' id='block_1_5' title="bbox 393 4159 2269 4643">
    <p class='ocr_par' dir='ltr' id='par_1_5' title="bbox 393 4159 2268 4643">
     <span class='ocr_line' id='line_1_32' title="bbox 468 4159 2268 4224; baseline -0.002 -11.895"><span class='ocrx_word' id='word_1_205' title='bbox 468 4161 856 4224; x_wconf 60' lang='lat' dir='ltr'>¹Clenenteuu]</span> <span class='ocrx_word' id='word_1_206' title='bbox 904 4161 1059 4210; x_wconf 76' lang='lat' dir='ltr'>For‘</span> <span class='ocrx_word' id='word_1_207' title='bbox 1084 4159 1308 4210; x_wconf 79' lang='lat' dir='ltr'>Clemen-</span> <span class='ocrx_word' id='word_1_208' title='bbox 1357 4161 1650 4222; x_wconf 78' lang='lat' dir='ltr'>eompanion</span> <span class='ocrx_word' id='word_1_209' title='bbox 1679 4164 1733 4209; x_wconf 87' lang='lat' dir='ltr'>to</span> <span class='ocrx_word' id='word_1_210' title='bbox 1769 4159 1871 4210; x_wconf 79' lang='lat' dir='ltr'>Mr.</span> <span class='ocrx_word' id='word_1_211' title='bbox 1891 4159 2155 4222; x_wconf 74' lang='lat' dir='ltr'>Soutbey&#39;s</span> <span class='ocrx_word' id='word_1_212' title='bbox 2189 4160 2268 4208; x_wconf 86' lang='lat' dir='ltr'>bi-</span> 
     </span>
     <span class='ocr_line' id='line_1_33' title="bbox 393 4229 2267 4292; baseline -0.003 -9"><span class='ocrx_word' id='word_1_213' title='bbox 393 4232 538 4284; x_wconf 53' lang='grc' dir='ltr'>και’</span> <span class='ocrx_word' id='word_1_214' title='bbox 566 4248 648 4281; x_wconf 72' lang='lat' dir='ltr'>we</span> <span class='ocrx_word' id='word_1_215' title='bbox 690 4231 871 4280; x_wconf 68' lang='lat' dir='ltr'>should</span> <span class='ocrx_word' id='word_1_216' title='bbox 913 4229 1308 4292; x_wconf 78' lang='lat' dir='ltr'>probablyread</span> <span class='ocrx_word' id='word_1_217' title='bbox 1356 4229 1481 4291; x_wconf 74' lang='lat' dir='ltr'>sbop</span> <span class='ocrx_word' id='word_1_218' title='bbox 1502 4229 1680 4292; x_wconf 75' lang='lat' dir='ltr'>Hatto,</span> <span class='ocrx_word' id='word_1_219' title='bbox 1708 4230 1755 4279; x_wconf 72' lang='lat' dir='ltr'>is</span> <span class='ocrx_word' id='word_1_220' title='bbox 1785 4229 1910 4279; x_wconf 79' lang='lat' dir='ltr'>from</span> <span class='ocrx_word' id='word_1_221' title='bbox 1933 4229 2267 4292; x_wconf 70' lang='lat' dir='ltr'>Malmsbnry,</span> 
     </span>
     <span class='ocr_line' id='line_1_34' title="bbox 397 4297 1499 4364; baseline -0.005 -11.816"><span class='ocrx_word' id='word_1_222' title='bbox 397 4300 786 4359; x_wconf 79' lang='lat' dir='ltr'>‘3&#39;Gnibertnm</span> <span class='ocrx_word' id='word_1_223' title='bbox 817 4299 1309 4350; x_wconf 39' lang='lat' dir='ltr'>seeanUAnml</span> <span class='ocrx_word' id='word_1_224' title='bbox 1357 4297 1499 4364; x_wconf 98' lang='grc'><strong>5290</strong></span> 
     </span>
     <span class='ocr_line' id='line_1_35' title="bbox 397 4365 2266 4434; baseline -0.003 -12"><span class='ocrx_word' id='word_1_225' title='bbox 397 4373 569 4423; x_wconf 79' lang='lat' dir='ltr'>adan.</span> <span class='ocrx_word' id='word_1_226' title='bbox 593 4375 740 4434; x_wconf 82' lang='grc'><strong>1086,</strong></span> <span class='ocrx_word' id='word_1_227' title='bbox 760 4367 856 4434; x_wconf 85' lang='grc'>58.</span> <span class='ocrx_word' id='word_1_228' title='bbox 1425 4365 1771 4431; x_wconf 64' lang='lat' dir='ltr'>⁸Tandena‘]</span> <span class='ocrx_word' id='word_1_229' title='bbox 1788 4366 2266 4430; x_wconf 65' lang='lat' dir='ltr'>Quam-opturata-</span> 
     </span>
     <span class='ocr_line' id='line_1_36' title="bbox 464 4437 2267 4503; baseline -0.003 -13"><span class='ocrx_word' id='word_1_230' title='bbox 464 4437 687 4503; x_wconf 65' lang='lat' dir='ltr'>&#39;quu</span> <span class='ocrx_word' id='word_1_231' title='bbox 749 4453 889 4503; x_wconf 71' lang='lat' dir='ltr'>papa</span> <span class='ocrx_word' id='word_1_232' title='bbox 952 4438 1252 4502; x_wconf 61' lang='lat' dir='ltr'>“aperiba-</span> <span class='ocrx_word' id='word_1_233' title='bbox 1285 4437 1308 4500; x_wconf 91' lang='grc'>]</span> <span class='ocrx_word' id='word_1_234' title='bbox 1356 4437 2267 4500; x_wconf 67' lang='lat' dir='ltr'>mulisulmjwtumugitt-inpe-</span> 
     </span>
     <span class='ocr_line' id='line_1_37' title="bbox 398 4504 2269 4574; baseline -0.003 -13.9"><span class='ocrx_word' id='word_1_235' title='bbox 398 4511 611 4574; x_wconf 78' lang='lat' dir='ltr'>‘Hnjtu</span> <span class='ocrx_word' id='word_1_236' title='bbox 652 4508 991 4571; x_wconf 66' lang='lat' dir='ltr'>temporibus:</span> <span class='ocrx_word' id='word_1_237' title='bbox 1030 4509 1180 4557; x_wconf 91' lang='grc'>0.-</span> <span class='ocrx_word' id='word_1_238' title='bbox 1201 4507 1308 4556; x_wconf 79' lang='lat' dir='ltr'>The</span> <span class='ocrx_word' id='word_1_239' title='bbox 1355 4507 1502 4569; x_wconf 76' lang='lat' dir='ltr'>lag-m</span> <span class='ocrx_word' id='word_1_240' title='bbox 1536 4513 1820 4569; x_wconf 73' lang='lat' dir='ltr'>provectus,</span> <span class='ocrx_word' id='word_1_241' title='bbox 1856 4521 1948 4556; x_wconf 80' lang='lat' dir='ltr'>nee</span> <span class='ocrx_word' id='word_1_242' title='bbox 1983 4504 2269 4555; x_wconf 71' lang='lat' dir='ltr'>uieviolen·</span> 
     </span>
     <span class='ocr_line' id='line_1_38' title="bbox 397 4571 1959 4643; baseline -0.003 -13"><span class='ocrx_word' id='word_1_243' title='bbox 397 4581 579 4643; x_wconf 70' lang='lat' dir='ltr'>legend</span> <span class='ocrx_word' id='word_1_244' title='bbox 620 4579 895 4641; x_wconf 69' lang='lat' dir='ltr'>following,</span> <span class='ocrx_word' id='word_1_245' title='bbox 929 4592 994 4627; x_wconf 80' lang='lat' dir='ltr'>an</span> <span class='ocrx_word' id='word_1_246' title='bbox 1034 4576 1309 4627; x_wconf 71' lang='lat' dir='ltr'>adun-able</span> <span class='ocrx_word' id='word_1_247' title='bbox 1353 4571 1687 4626; x_wconf 63' lang='lat' dir='ltr'>flamen-it!</span> <span class='ocrx_word' id='word_1_248' title='bbox 1718 4577 1959 4626; x_wconf 73' lang='lat' dir='ltr'>Malmb.</span> 
     </span>
    </p>
   </div>
  </div>
 </body>
</html>
