3457 5887
1168 924 1175 930 ,
1251 837 1382 903 336
1745 818 2008 901 uocum
2057 852 2150 899 nn
2194 850 2603 900 wnunovna

940 1025 1051 1067 Aa).
1071 1024 1181 1065 110⁹.

1258 1010 1886 1078 communicationis
1959 1008 2301 1074 effundere
2367 1009 2617 1085 valeat,
2682 1005 3128 1090 provideatiS,

1258 1132 1367 1190 ne,
1393 1113 1453 1176 si
1486 1111 1710 1175 minus
1741 1111 1811 1175 in
1842 1110 1971 1173 bac
1993 1110 2190 1194 justa
2226 1109 2553 1193 petitione
2581 1106 2884 1171 exauditi
2911 1106 3128 1169 fueri-

1260 1231 1433 1289 mus,
1473 1219 1803 1293 tanquam
1847 1210 1931 1274 de
1973 1208 2446 1273 benevolentia
2480 1213 2712 1272 vestra
2757 1206 3132 1287 desperan-

1259 1318 1363 1375 tes
1402 1310 1602 1375 aliter
1643 1308 1992 1374 securitati
2034 1316 2288 1372 nostrae
2335 1306 2724 1390 prospicere
2765 1303 3128 1386 compella-

1259 1429 1447 1489 mur;
1484 1416 1577 1487 et,
1614 1409 1934 1492 quoniam
1972 1407 2246 1488 singula
2277 1406 2557 1489 negotia
2586 1413 2829 1469 nostra
2858 1402 3127 1467 difficile

1258 1511 1387 1574 sub
1427 1510 1682 1593 scripto
1719 1506 2391 1590 comprehendentur,
2425 1506 2761 1569 mittimus
2796 1503 2890 1567 ad
2924 1503 3127 1585 pedes

1259 1608 1690 1692 paternitatis
1759 1613 2006 1672 vestrae
2063 1605 2345 1670 clericos
2395 1611 2667 1669 nostros
2727 1597 2746 1634 ¹
2761 1603 3128 1667 familiares

1262 1708 1352 1772 R.
1409 1707 1955 1772 archidiaconum
2009 1705 2577 1769 Salesberiensem
2623 1711 2694 1767 et
2740 1702 2827 1767 R.
2856 1696 3128 1778 ²Bane,

1260 1807 1378 1889 qui
1413 1807 1680 1890 plenius
1713 1806 1910 1870 vobis
1954 1812 2202 1869 cuncta
2243 1823 2398 1889 quae
2442 1811 2642 1886 gesta
2685 1810 2849 1867 sunt
2888 1809 2956 1866 et
2979 1802 3121 1865 alia

1261 1906 1538 1989 negotia
1566 1913 1801 1971 nostra
1830 1904 2225 1988 exponent!

1338 2077 1518 2154 Quod
1541 2078 1752 2143 nuntii
1780 2077 1938 2164 reqis
1969 2098 2216 2142 cansam
2248 2075 2406 2141 boati
2447 2075 2684 2142 Thomu
2703 2074 3052 2161 plurimum

1970 2177 2404 2263 depressor-auat.

1367 2300 1616 2367 Nuntii
1644 2304 1858 2386 igitur
1898 2300 2078 2385 regis
2107 2301 2193 2366 ad
2236 2302 2620 2366 Romanam
2650 2301 3122 2381 pervenientes

1265 2402 1522 2468 curiam
1581 2402 1816 2467 literas
1866 2402 2014 2487 ejus
2052 2401 2325 2465 domino
2362 2419 2562 2484 papae
2595 2419 2749 2463 cum
2793 2399 2955 2463 aliis
3012 2418 3126 2461 ne-

1265 2501 1472 2583 gotiis
1510 2501 1640 2566 sibi
1682 2502 2021 2584 impositis
2058 2500 2522 2577 ostenderunt,
2569 2499 2870 2563 donariis
2916 2498 3127 2560 simul

1264 2608 1336 2665 et
1377 2600 1646 2665 blandis
1704 2602 2125 2665 sermonibus
2175 2618 2589 2682 summopere
2628 2596 2982 2661 studentes
3027 2595 3123 2659 ad

1265 2700 1568 2765 favorem
1598 2699 1864 2782 regium
1890 2700 2072 2764 illius
2097 2700 2393 2763 animum
2416 2698 2761 2775 inclinare3
2795 2695 2917 2758 sed
2946 2694 3122 2778 quid

1265 2798 1360 2863 ibi
1399 2799 1666 2881 egerint
1705 2799 1954 2877 nuntii,
1994 2798 2211 2863 literis
2251 2796 2666 2880 apostolicis,
2700 2813 2874 2877 quas
2916 2794 3128 2858 vicis-

1267 2900 1396 2964 sim
1456 2899 1661 2964 beato
1711 2900 2024 2977 Thomae,
2063 2896 2542 2963 cantuariensi
2594 2894 3131 2977 archiepiscopo,

1268 2998 1548 3077 direxit,
1580 3001 1969 3064 continetur
2001 3017 2424 3081 expressum.
2529 2996 2618 3061 In
2649 2995 2889 3079 primis
2921 2993 3130 3059 literis

1264 3116 1449 3182 papa
1481 3097 1698 3163 eidem
1725 3099 1828 3163 ita
1855 3097 2131 3176 scribit;

1367 3204 1385 3233 ‘
1423 3196 1638 3262 Novit
1677 3197 2014 3262 industria
2043 3203 2168 3260 tua
2194 3213 2398 3278 quam
2427 3192 2806 3258 ferventem
2849 3193 3132 3275 disposi-

1270 3297 1521 3362 tionem
1554 3296 1737 3361 circa
1769 3295 1964 3377 regni
2001 3296 2107 3358 sui
2145 3294 2702 3376 gubernationem
2740 3293 3128 3356 carissimus

1267 3396 1339 3459 in
1385 3395 1659 3461 Christo
1719 3395 1901 3460 filius
1967 3400 2199 3459 noster
2243 3392 2609 3470 Henricus‚
2661 3391 2955 3456 illustris
3014 3411 3127 3454 rex

1270 3494 1676 3578 Anglorum,
1725 3493 2096 3579 impendat,
2140 3500 2211 3557 et
2251 3491 2559 3570 eandem,
2598 3498 2679 3555 ut
2725 3491 2988 3555 firmior
3016 3490 3128 3553 ha-

1269 3595 1534 3671 beatur,
1567 3596 1719 3659 vult
1766 3594 2174 3659 auctoritate
2216 3592 2550 3656 Romanae
2594 3590 2901 3658 ecclaeiae
2933 3590 3125 3652 roboss

1269 3693 1429 3769 rari,
1463 3701 1703 3776 petens
1745 3702 1826 3758 ut
1868 3693 2188 3775 antiquas
2229 3691 2421 3773 regni
2463 3691 2570 3754 sui
2611 3688 3123 3755 consuetudines

1268 3799 1339 3856 et
1385 3791 1758 3873 dignitates
1817 3809 2292 3857 conservemus
2350 3789 2628 3854 illaesas.
2725 3789 2925 3865 Item,
2970 3807 3124 3851 cum

1269 3891 1633 3972 legationis
1703 3890 2000 3956 officium
2072 3892 2285 3956 totius
2363 3888 2638 3971 Angliae
2719 3888 3133 3971 postulasset

1268 3990 1635 4055 instantius
1709 3991 2126 4056 Eboracensi
2191 3988 2701 4071 archiepiscopo
2766 3987 3130 4069 indulgeri,

1269 4096 1634 4173 pensantes
1680 4097 1991 4173 tempora
2036 4089 2441 4173 periculosa,
2484 4087 2856 4169 legationis
2906 4087 3136 4151 literas

1340 4294 1358 4328 ¹
1382 4296 1687 4348 Familiares.
1710 4296 1735 4360 ]
1767 4298 1829 4346 In
1851 4296 2180 4347 Alexander’s
2227 4297 2415 4347 deacon
2435 4296 2493 4345 of
2507 4296 2788 4358 Salisburx,
2808 4296 2850 4345 is
2870 4294 3059 4356 spoken
3082 4293 3145 4342 of

1269 4382 1466 4417 answer
1484 4372 1536 4416 to
1560 4367 1756 4429 fleury,
1774 4368 1970 4429 printed
1991 4368 2042 4415 in
2067 4366 2176 4415 Ho-
2227 4368 2294 4428 by
2315 4366 2398 4415 the
2419 4381 2549 4428 pope
2574 4380 2631 4414 as
2654 4381 2749 4415 one
2776 4365 2832 4414 of
2855 4364 2938 4412 the
2967 4361 3137 4425 king’s

1268 4438 1445 4498 veden,
1476 4452 1529 4499 p.
1562 4440 1676 4499 515,
1706 4436 1825 4497 they
1857 4451 1941 4486 are
1980 4436 2092 4485 said
2125 4441 2177 4485 to
2227 4436 2640 4486 ambassadorsto
2659 4435 2797 4496 him;
2828 4450 2947 4496 epp.
2967 4434 3055 4482 lib.
3068 4434 3142 4481 iv.

1266 4506 1394 4555 have
1407 4508 1530 4555 been
1544 4506 1679 4555 John
1698 4505 1882 4556 Cumin
1897 4505 1996 4556 and
2012 4505 2176 4567 Ralph
2226 4521 2309 4568 ep.
2331 4506 2405 4554 iii.

1264 4576 1330 4625 de
1365 4575 1665 4627 Tamworth.
1737 4575 2001 4638 Reginald,
2037 4574 2179 4624 arch-
2297 4575 2321 4611 2
2345 4568 2548 4642 Bana]
2581 4574 2598 4602 ‘
2620 4569 2797 4636 Bari-i:
2833 4574 2895 4622 C.
