3457 5887
1196 803 1328 870 262
1701 820 1965 869 nocem
2015 819 2108 869 ns
2152 818 2562 868 wannovsn

883 993 1129 1037 *xm-11⁵⁸.
1202 973 1574 1062 aliquando
1604 986 1837 1043 autem
1871 993 2015 1062 prae
2042 977 2299 1041 doloris
2335 978 2662 1061 angustia
2688 984 2935 1041 terram
2965 995 3076 1040 co·

883 1048 1053 1096 Legend
1060 1047 1182 1086 ottho

883 1107 1016 1147 purga

915 1176 927 1188 ·
946 1097 1173 1189 1,ιὲοὲοι
1205 1079 1591 1156 medebam,
1618 1080 1995 1142 clamantes
2028 1085 2099 1142 et
2123 1077 2484 1161 ejulantes,
2536 1082 2557 1112 ‘
2582 1076 2830 1153 Parce,
2851 1095 3079 1159 parce,

1207 1181 1549 1256 miserere,
1593 1179 1959 1255 miserere:
1994 1196 2149 1242 cum
2182 1176 2301 1259 qui
2336 1177 2446 1241 sui
2483 1177 2922 1241 misereretur
2961 1195 3078 1258 pe-

1208 1279 1395 1343 nitus
1427 1297 1568 1344 non
1602 1277 1897 1342 adesset.
1998 1278 2369 1341 Daemones
2402 1277 2609 1341 etiam
2642 1295 2855 1359 super
2883 1277 3077 1339 mise—

1208 1397 1325 1443 ros
1368 1386 1718 1443 currentes
1763 1377 2088 1459 gravibus
2130 1396 2250 1441 eos
2292 1376 2526 1458 flagris
2568 1376 2952 1452 caedebant,
3007 1383 3076 1440 et

1211 1479 1413 1542 militi
1446 1477 1789 1556 dicebant,
1810 1483 1832 1512 ‘
1853 1477 2032 1541 Haec
2066 1483 2432 1553 tormenta,
2447 1494 2605 1560 quae
2624 1474 2844 1552 videS,
2873 1476 3078 1539 senti-

1212 1577 1391 1643 endo
1418 1578 1726 1661 patieris,
1744 1577 1878 1640 nisi
1905 1576 2104 1641 nobis
2131 1575 2561 1658 adquiescaS,
2583 1582 2663 1639 ut
2692 1576 2782 1638 ad
2813 1584 3079 1658 portam

1213 1695 1339 1761 per
1366 1694 1573 1761 quam
1600 1677 1876 1741 intrasti
1911 1675 2303 1751 revertaris,
2336 1675 2425 1738 ad
2453 1694 2665 1757 quam
2696 1677 2759 1738 si
2784 1676 3078 1739 volueris

1214 1778 1499 1861 pacifice
1527 1776 1881 1841 deduceris
1903 1776 1943 1855 ς’
1987 1775 2110 1840 sed
2137 1765 2277 1852 ille,
2307 1775 2393 1838 ad
2423 1782 2723 1839 mentem
2754 1793 3078 1839 revocans

1215 1877 1510 1960 qualiter
1548 1878 1775 1959 ipsum
1824 1876 2015 1940 Deus
2064 1873 2228 1938 alibi
2276 1873 2620 1953 liberavit,
2670 1875 2935 1938 credere
2974 1873 3075 1938 eis

1210 1978 1493 2041 omnino
1524 1976 1957 2058 contempsit.
2045 1974 2243 2038 Tunc
2274 1973 2620 2038 daemones
2648 1993 2807 2038 eum
2839 1975 2910 2038 in
2941 1981 3077 2037 ter·

1217 2095 1365 2140 ram
1385 2081 1891 2159 prosternentes
1909 2074 1997 2139 ad
2015 2074 2289 2138 modum
2309 2073 2600 2138 aliorum
2617 2072 2961 2155 configere
2977 2093 3080 2137 co—

1219 2177 1367 2241 nati
1383 2182 1574 2254 sunt3
1607 2174 1752 2252 sed,
1774 2174 2096 2239 invocato
2112 2174 2383 2238 nomine
2405 2173 2452 2238 J
2454 2193 2578 2237 esu
2599 2173 2861 2238 Christi
2882 2175 2968 2239 ab
2985 2193 3083 2252 eo,

1219 2275 1389 2338 nihil
1417 2273 1709 2356 amplius
1734 2275 1806 2338 in
1838 2274 1991 2338 loco
2022 2273 2143 2338 illo
2191 2273 2254 2337 ei
2287 2273 2511 2338 facere
2539 2281 2941 2357 potuerunt.
3001 2273 3080 2336 In

1222 2375 1430 2438 alium
1466 2392 1785 2457 campum
1814 2371 2099 2437 militem
2127 2373 2477 2437 trahentes
2506 2374 2875 2451 daemonae,
2912 2373 3088 2437 hanc

1217 2474 1314 2537 ibi
1350 2471 1802 2538 differentiam
1847 2473 2232 2556 conspexit,
2275 2471 2462 2556 quod
2503 2474 2676 2538 sicut
2715 2474 2788 2536 in
2833 2491 3086 2554 campo

1217 2573 1552 2655 superiori
1590 2573 1897 2637 homines
1949 2572 2184 2637 afflicti
2231 2580 2506 2637 ventres
2543 2572 2920 2636 habuerunt
2959 2571 3086 2636 de-

1218 2691 1450 2736 orsum
1481 2691 1744 2750 versoe,
1776 2673 1877 2735 ita
1903 2671 1976 2734 in
2012 2671 2142 2736 hoc
2182 2691 2427 2755 campo
2454 2672 2653 2737 dorsa
2679 2671 2826 2735 solo
2855 2672 3084 2735 haere·

1218 2772 1408 2836 bant.
1512 2772 1868 2837 Dracones
1903 2779 2133 2835 autem
2159 2772 2348 2854 ignei
2377 2791 2586 2855 super
2613 2771 2949 2855 quosdam
2978 2790 3090 2835 se·

1219 2871 1483 2949 denteS,
1511 2878 1583 2936 et
1611 2871 1930 2936 dentibus
1958 2890 2076 2936 eos
2122 2871 2345 2954 igneis
2383 2871 2841 2946 corrodentes,
2887 2871 3088 2935 modo

1220 2973 1588 3037 miserabili
1618 2972 2052 3054 affligebant3
2088 2973 2372 3037 aliorum
2405 2992 2684 3055 quoque
2707 2973 2911 3050 colla,
2942 2972 3091 3036 bra·

1222 3072 1377 3135 chia
1407 3079 1479 3135 et
1522 3090 1811 3154 corpora
1840 3079 2189 3154 serpentes
2235 3072 2439 3154 igniti
2481 3073 3090 3154 circumcingentes

1224 3171 1498 3236 aculeos
1528 3172 1665 3236 oris
1692 3171 1798 3234 sui
1831 3171 2068 3252 igneos
2095 3189 2326 3235 eorum
2355 3171 2676 3235 cordibus
2697 3172 3086 3235 infixerunt.

1225 3270 1529 3336 Bufones
1557 3272 1765 3336 etiam
1793 3270 1984 3334 mirae
2010 3270 2500 3352 magnitudinis
2530 3278 2604 3336 et
2624 3270 2950 3349 horroriS,
2979 3291 3090 3334 su-

1226 3391 1349 3454 per
1381 3370 1808 3454 quorundam
1837 3376 2119 3453 pectora
2151 3370 2645 3448 incumbentes,
2676 3370 3088 3435 deformibus

1224 3472 1468 3534 rostris
1510 3472 1655 3534 suis
1696 3487 1928 3534 eorum
1977 3468 2187 3533 corda
2232 3470 2592 3535 extrahere
2621 3472 3091 3550 conabantur;

1226 3570 1570 3634 daemones
1612 3577 1950 3652 praeterea
1991 3589 2198 3653 super
2234 3570 2545 3653 singulos
2584 3572 2996 3635 cursitantes
3023 3577 3097 3634 et

1229 3664 1466 3749 flagris
1492 3669 1884 3751 asperrimis
1928 3668 2267 3733 caedentes
2298 3670 2581 3734 miseros
2607 3671 2916 3754 graviter
2939 3690 3096 3734 cru-

1228 3769 1526 3845 ciabant,
1556 3787 1682 3831 nec
1710 3786 2015 3850 unquam
2043 3788 2087 3832 a
2104 3769 2268 3834 fietu
2294 3776 2366 3834 et
2393 3769 2654 3853 ejulatu
2686 3770 2925 3834 afflicti
2950 3789 3098 3834 ces-

1230 3869 1495 3932 sabant.
1576 3866 1749 3930 Inde
1781 3867 2133 3933 trahentes
2166 3868 2451 3934 militem
2488 3869 2835 3934 daemones
2866 3871 2937 3932 in
2971 3870 3098 3933 ali·

1230 3986 1347 4031 um
1376 3967 1716 4049 poenalem
1752 3986 2093 4050 campum,
2125 3970 2387 4033 invenit
2416 3969 2513 4033 ibi
2544 3976 2814 4034 tantam
2843 3971 3100 4033 utrius-

1231 4086 1364 4149 que
1394 4086 1604 4131 sexus
1632 4074 1702 4130 et
1734 4068 1963 4131 aetatis
2003 4067 2292 4133 diversae
2319 4068 2851 4145 multitudinem,
2884 4078 2965 4133 ut
2997 4078 3100 4133 to-

1230 4167 1370 4230 tius
1419 4168 1604 4230 orbis
1656 4166 2148 4249 plenitudinem
2190 4169 2463 4233 vincere
2505 4170 2934 4249 crederetur3
2980 4169 3105 4233 alii

1230 4266 1323 4329 ibi
1374 4267 1762 4348 pendebant
1805 4266 1877 4330 in
1926 4266 2216 4332 fiammis
2280 4268 2668 4351 sulphureis
2712 4270 2929 4352 igneis
2980 4288 3100 4333 ca-

1230 4366 1406 4430 tenis
1448 4387 1573 4450 per
1613 4366 1822 4449 pedes
1870 4373 1941 4432 et
1985 4368 2211 4446 tibias,
2260 4370 2601 4451 capitibus
2659 4370 2747 4432 ad
2799 4369 2937 4433 ima
2980 4369 3100 4433 de-

1231 4467 1481 4545 missiS,
1515 4466 1632 4530 alii
1661 4485 1785 4549 per
1811 4485 2052 4529 manus
2087 4475 2157 4531 et
2186 4468 2489 4545 brachia,
2520 4468 2637 4532 alii
2668 4488 2792 4551 per
2814 4468 3102 4551 capillos

1228 4574 1298 4631 et
1348 4567 1577 4650 capita
1608 4587 1625 4647 ;
1699 4566 1815 4630 alii
1868 4566 2253 4648 pendebant
2299 4569 2370 4631 in
2421 4568 2709 4632 fiammis
2756 4569 2981 4651 igneis
3031 4569 3102 4632 in
