3457 5887
912 857 1188 906 nonus
1233 854 1771 906 ms'ronuffluu.
2141 841 2273 907 251

394 1015 601 1097 gliam
647 1015 1012 1080 transitum
1051 1017 1428 1094 habuisset,
1472 1016 1619 1096 regi
1661 1014 2018 1098 Stephano
2053 1015 2272 1080 fideli·
2302 1037 2409 1078 ιιι).
2432 1037 2542 1076 ιιιι.

394 1123 604 1179 tatem
629 1115 917 1199 juravit.

636 1286 733 1350 Do
763 1286 1034 1372 quadam
1061 1285 1269 1350 ltaerm'
1298 1286 1659 1351 miraculose
1686 1288 2031 1374 confutata.

499 1410 702 1477 Circa
730 1412 877 1476 dies
911 1413 1106 1487 istos,
1151 1405 1569 1495 ¹pullulante
1600 1433 1927 1495 perversa
1959 1414 2274 1478 doctrina
2299 1431 2480 1482 uscue.

398 1510 691 1576 Henrici
740 1511 1097 1595 cujusdam
1140 1510 1470 1590 haeretici,
1503 1520 1575 1577 et
1616 1514 1916 1578 maxime
1947 1514 2030 1577 in
2076 1514 2276 1579 Was-

397 1612 622 1688 conia,
666 1612 1026 1676 suscitavit
1074 1611 1416 1676 Dominus
1478 1613 1793 1696 spiritum
1856 1614 2103 1698 puellae
2153 1614 2272 1699 ju-

381 1703 611 1775 nioris
664 1711 737 1774 in
789 1711 911 1775 illa
972 1711 1326 1795 provincia
1382 1712 1471 1776 ad
1518 1713 1708 1776 illam
1750 1713 2065 1778 haeresim
2111 1733 2273 1779 con-

400 1811 780 1889 futandam,
833 1830 1038 1893 quam
1094 1819 1334 1876 contra
1377 1811 1702 1877 articulos
1746 1813 1903 1877 fidei
1946 1814 2276 1897 praedica-

400 1912 564 1991 bat3
603 1911 883 1995 jacebat
933 1911 1113 1973 enim
1165 1911 1401 1993 puella
1458 1912 1532 1975 in
1587 1931 2001 1996 unaquaque
2066 1915 2277 1995 septi-

400 2030 610 2076 mana
688 2031 810 2094 per
865 2010 1165 2074 triduum
1232 2012 1490 2094 absque
1545 2030 1739 2090 voce,
1795 2032 2002 2076 sensu
2069 2022 2277 2096 atque

406 2110 604 2188 flatu,
647 2117 718 2174 et
761 2109 1194 2192 postmodum
1238 2110 1326 2173 ad
1370 2130 1446 2174 se
1488 2130 1765 2176 reversa
1803 2112 2075 2177 dicebat
2116 2114 2277 2177 bea-

406 2216 553 2273 tam
615 2209 913 2272 Mariam
967 2227 1163 2272 orare
1237 2229 1363 2292 pro
1426 2210 1682 2294 populo
1745 2210 2160 2289 Christiane,
2207 2222 2278 2278 et

406 2310 684 2374 beatum
740 2308 1024 2372 Petrum
1066 2308 1382 2373 docuisse
1424 2329 1499 2373 se
1544 2309 1746 2373 fidem
1780 2311 2276 2391 orthodoxam3

410 2416 484 2476 et
525 2409 624 2473 sic
665 2406 749 2472 de
796 2408 929 2471 fide
976 2407 1315 2472 catholica
1359 2410 1706 2492 sapienter
1750 2409 2173 2493 disputabat,
2210 2419 2280 2476 et

410 2509 751 2591 praecipue
799 2506 1113 2572 haeresim
1163 2506 1451 2573 Henrici
1494 2508 1906 2573 convincens
1951 2510 2281 2592 plurimos

404 2608 492 2671 ab
521 2627 603 2671 eo
634 2607 953 2672 seductos
986 2607 1074 2672 ad
1114 2608 1338 2672 sinum
1382 2616 1642 2673 sanctae
1688 2610 1930 2673 matris
1973 2609 2287 2674 ecclesiae

405 2708 777 2773 revocavit.

477 2884 575 2949 De
585 2883 767 2967 facto
795 2882 1056 2971 quodam
1086 2879 1462 2948 memorabili
1495 2882 1771 2948 Conradi
1800 2884 2207 2970 imperatoris.

514 3009 776 3074 Eodem
805 3017 985 3073 anno
1017 3008 1376 3075 Conradus
1410 3010 1809 3092 imperator,
1838 3010 1945 3074 vir
1985 3010 2285 3092 prudens
2306 3025 2444 3065 neoth
2462 3027 2594 3066 ottho

413 3117 489 3173 et
531 3109 887 3187 discretus,
931 3109 1110 3173 diem
1155 3109 1405 3173 clausit
1447 3117 1856 3187 extremum,
1886 3110 1972 3174 de
2005 3129 2144 3191 quo
2185 3109 2280 3174 le·
2305 3087 2505 3127 ’Μ

414 3210 632 3292 gitur,
665 3210 847 3293 quod
882 3209 1095 3274 dum
1075 3229 1146 3272 m
1177 3215 1417 3273 sancto
1461 3207 1898 3286 Pentecoste,
1921 3211 2286 3323 praesenti-

410 3311 546 3373 bus
590 3309 1138 3393 archiepiscopis,
1181 3309 1544 3393 episcopis,
1587 3316 1658 3373 et
1698 3309 1968 3392 imperii
2009 3328 2289 3392 magna-

413 3411 630 3488 tibus,
653 3411 727 3474 ιιι
755 3411 921 3475 urbe
939 3410 1234 3493 quadam
1260 3409 1513 3474 divinis
1541 3408 1902 3473 interesset
1917 3409 2285 3491 obsequiis,

411 3508 690 3574 diabolo
732 3510 1129 3591 instigante,
1173 3510 1478 3573 surrexit
1506 3509 1858 3573 contentio
1890 3509 2069 3573 inter
2110 3528 2285 3592 pree-

409 3608 598 3673 latos
644 3616 1080 3686 memoratos,
1140 3609 1294 3691 quis
1347 3609 1624 3672 deberet
1675 3626 1826 3672 esse
1884 3607 2154 3690 dignior
2210 3610 2281 3674 in

410 3709 717 3790 primatu
760 3708 1161 3786 cathedrali,
1194 3716 1275 3772 ut
1304 3706 1700 3790 imperatori
1741 3709 2020 3792 propius
2057 3710 2284 3774 consi-

407 3808 646 3885 deret;
707 3808 1197 3872 altercantibus
1245 3815 1474 3871 autem
1533 3808 1874 3890 episcopis
1919 3808 2104 3872 circa
2153 3808 2282 3873 hoc

411 3908 708 3991 aliisque
761 3908 1089 3990 praelatis,
1140 3915 1506 3973 accurrunt
1551 3907 1918 3972 eorundem
1961 3907 2286 3992 praelato-

409 4027 569 4072 rum
603 4008 896 4072 ministri
924 4027 1078 4072 cum
1107 4007 1356 4090 gladiis
1379 4014 1451 4071 et
1474 4006 1795 4084 fustibus,
1816 4014 1910 4084 et,
1939 4008 2039 4071 sic
2060 4006 2286 4089 plagis

410 4107 781 4189 impositis,
817 4109 989 4173 istos
1031 4108 1117 4172 de
1158 4108 1304 4171 suis
1353 4106 1683 4171 sedilibus
1730 4105 2168 4171 extrahentes
2211 4106 2285 4168 in

409 4207 672 4271 eisdem
716 4207 887 4273 alios
921 4209 1369 4283 intruserunt,
1409 4214 1503 4283 et,
1540 4206 1662 4271 lite
1704 4213 2119 4283 contestata,
2156 4206 2284 4269 mi-

408 4314 565 4371 tras
596 4307 754 4372 hinc
783 4308 940 4372 inde
965 4315 1037 4371 et
1060 4304 1442 4390 pastorales
1468 4306 1751 4370 baculos
1780 4304 2285 4387 confregerunt,

414 4407 821 4491 sanguinem
869 4408 941 4471 in
992 4406 1281 4471 ecclesia
1345 4425 1482 4470 non
1537 4406 1890 4469 minimum
1940 4404 2287 4469 effunden-

490 4583 801 4633 mundante
819 4598 1039 4647 perversu
1059 4581 1319 4644 doctrinm]
1372 4596 1501 4645 seqq.
1536 4582 1662 4630 with
1701 4582 1887 4631 Bar-on.
1927 4581 1994 4630 ad
2026 4596 2111 4630 an.
2145 4584 2296 4640 1147,

416 4652 666 4715 Compare
681 4654 832 4715 Pagi,
846 4653 911 4702 ad
926 4668 1006 4702 an.
1022 4649 1199 4717 1116‚§
1214 4653 1320 4701 xix.
1375 4648 1400 4715 §
1422 4652 1513 4700 xii.
