3457 5887
876 826 1152 875 rmans
1198 826 1733 877 nis-rosunum.
2142 813 2227 879 ‘71

358 984 599 1068 pulum
624 986 1151 1064 committentes,
1184 1005 1447 1051 necnon
1476 1004 1630 1051 cum
1658 986 1989 1050 uxoribus
2024 984 2226 1050 Hun-
2253 1002 2360 1044 ω.
2378 1002 2492 1042 nm.

360 1103 682 1165 gal-orum
713 1092 785 1151 et
811 1086 1081 1149 filiabus
1123 1105 1264 1149 rem
1291 1086 1600 1149 illicitam
1627 1084 1963 1150 violenter
1985 1104 2226 1169 perpe-
2249 1053 2545 1145 thaffu-u.

361 1190 670 1265 trantes3
720 1185 910 1249 unde
947 1205 1077 1249 rex
1120 1192 1347 1262 terrae,
1394 1186 1501 1248 ira
1550 1203 1926 1249 succensus
1966 1183 2228 1266 dignis-

362 1282 561 1360 sima,
622 1285 954 1368 populum
1020 1284 1111 1348 ad
1159 1302 1352 1348 arma
1409 1284 1708 1348 concitat
1768 1285 1840 1347 ιιι
1901 1284 2230 1348 ultionem

364 1387 578 1446 tantae
627 1384 1210 1465 transgressionis.
1311 1382 1622 1447 Tandem
1664 1382 1846 1466 apud
1876 1383 2229 1464 Bellegra-

364 1481 545 1548 viam
571 1483 1048 1565 praedictorum
1067 1481 1571 1546 multitudinem
1599 1481 2005 1546 furiosorum
2033 1501 2229 1564 repe·

366 1581 641 1660 tientes,
663 1601 818 1645 cum
835 1601 909 1647 se
934 1588 1404 1665 praepararent
1419 1581 1507 1644 ad
1529 1581 2005 1658 resistendum,
2029 1588 2230 1646 erant

369 1680 621 1764 quippe
664 1681 795 1744 viri
854 1681 1063 1745 fortes
1120 1689 1191 1744 et
1237 1699 1434 1743 usum
1486 1699 1824 1744 armorum
1880 1679 2229 1758 habentes,

369 1786 638 1843 tentant
689 1779 847 1844 dolo
889 1780 1163 1843 vincere
1222 1797 1394 1862 quos
1442 1777 1704 1842 viribus
1757 1779 2226 1861 nequiverunt.

371 1877 591 1941 Missa
621 1877 831 1959 igitur
862 1878 1204 1960 legatione
1236 1876 1324 1941 ad
1359 1876 1841 1941 Godescallum
1874 1884 1944 1941 et
1976 1878 2229 1960 prima-

368 1984 473 2039 tes
517 1978 884 2054 exercitae,
913 1984 1375 2041 convenerunt
1406 1995 1525 2041 eos
1553 1977 1781 2040 verbis
1823 1976 2126 2058 pacificis
2159 1978 2232 2041 in

368 2074 529 2138 dolo
550 2069 930 2139 dicentes-¹
874 2124 892 2156 ,
945 2075 1312 2140 ‘Pervenit
1330 2075 1419 2138 ad
1436 2076 1779 2140 dominum
1797 2082 2101 2139 nostrum
2121 2095 2232 2140 re-

372 2193 531 2255 gem
563 2175 799 2255 gravis
830 2175 1270 2288 querimonia,
1289 2174 1473 2257 quod
1487 2174 1742 2256 populo
1772 2192 1899 2238 suo
1925 2193 2231 2239 enormes

372 2274 577 2336 nimis
623 2273 988 2337 intuleritis
1034 2273 1344 2356 injurias,
1372 2271 1552 2336 mala
1598 2291 1723 2356 pro
1772 2272 1967 2336 bonis
1997 2274 2236 2356 nequi·

372 2378 482 2435 ter
528 2372 1014 2455 rependentes3
1062 2373 1255 2437 novit
1298 2379 1632 2455 praeterea
1674 2390 1825 2448 rex,
1853 2372 2033 2453 quod
2076 2380 2240 2436 sunt

366 2470 549 2535 inter
571 2491 699 2536 vos
724 2472 851 2536 viri
882 2472 1252 2555 prudentes
1276 2478 1349 2535 et
1375 2470 1690 2536 timentes
1717 2470 1969 2547 Deum,
1992 2472 2239 2552 quibus

368 2570 605 2634 invitis
654 2577 727 2634 et
782 2571 1232 2635 renitentibus
1285 2571 1647 2635 commissa
1701 2569 2028 2646 enormia,
2080 2589 2236 2652 quae

366 2689 599 2751 regem
645 2670 888 2734 merito
920 2670 1008 2733 ad
1044 2670 1468 2733 iracundiam
1514 2675 2014 2753 provocarunt3
2059 2669 2237 2733 uude

373 2769 628 2831 crimen
678 2769 1101 2851 quorundam
1148 2769 1220 2832 in
1278 2787 1516 2833 omnes
1571 2767 1930 2832 refundere
1972 2787 2239 2845 verens,

376 2867 680 2931 decrevit
733 2869 1109 2951 peregrinis
1165 2887 1446 2951 parcere
1500 2868 1571 2930 ιιι
1619 2867 1973 2951 praesenti,
2029 2886 2239 2931 uuum

380 2968 578 3031 vobis
623 2967 1002 3044 denuntiat,
1035 2975 1112 3031 ut
1143 2968 1295 3051 ejus
1338 2968 1611 3031 omnino
1661 2967 1974 3048 quiescat
2015 2966 2239 3049 indig-

382 3065 600 3143 natio,
630 3074 710 3130 ut
737 3075 809 3132 et
840 3085 1168 3149 personas
1198 3075 1464 3131 vestras
1496 3073 1567 3130 et
1603 3067 2060 3130 substantiam
2088 3085 2240 3129 cum

380 3166 590 3229 armis
618 3167 930 3229 omnibus
974 3167 1048 3229 in
1093 3167 1406 3229 manibus
1459 3165 1520 3249 ej
1528 3183 1609 3228 us
1659 3166 1808 3228 sine
1857 3163 2242 3230 conditione

374 3264 689 3342 tradatis,
724 3265 1026 3346 alioquin
1055 3284 1178 3329 nec
1212 3283 1387 3328 unus
1418 3283 1508 3327 ex
1538 3264 1735 3327 vobis
1762 3271 2049 3328 mortem
2082 3283 2242 3328 eva-

372 3362 512 3439 det,
534 3383 685 3426 cum
714 3370 1122 3447 potestatem
1149 3382 1285 3428 non
1312 3363 1562 3427 habeat
1577 3362 1873 3445 populus
1887 3361 2240 3444 fugiendi.’

375 3460 827 3527 Godescallus
873 3462 1086 3544 igitur
1116 3471 1189 3526 et
1215 3463 1556 3545 principes
1598 3461 1970 3544 legionum,
2003 3462 2088 3525 de
2129 3482 2236 3526 re·

373 3562 493 3643 gia
509 3563 929 3644 benignitate
952 3563 1156 3626 nimis
1180 3568 1693 3644 praesumentes,
1718 3560 2046 3645 populum
2072 3562 2238 3625 totis

377 3661 638 3725 viribus
681 3662 1081 3725 renitentem
1124 3661 1566 3739 induxerunt,
1606 3667 1686 3724 ut
1718 3680 1873 3725 cum
1913 3661 2121 3723 armis
2170 3667 2242 3725 et

378 3761 766 3825 substantia
810 3779 1043 3824 eorum
1074 3767 1224 3825 tota
1249 3760 1321 3822 in
1351 3761 1534 3842 regis
1575 3760 1885 3841 potentia
1909 3778 1986 3822 se
2013 3758 2242 3822 trade-

380 3867 559 3936 rent,
590 3867 662 3924 et
690 3860 790 3923 sic
837 3859 1308 3924 satisfacerent
1348 3859 1829 3941 conquerenti3
1875 3857 2055 3940 quod
2089 3877 2244 3921 cum

376 3958 639 4021 factum
692 3959 955 4036 suisset,
1013 3959 1174 4023 dum
1226 3956 1757 4022 misericordiam
1817 3963 2245 4039 exspectant,

378 4065 669 4122 mortem
717 4058 1110 4137 incurrunt3
1169 4058 1514 4121 irruerunt
1559 4057 1741 4122 enim
1787 4056 1862 4122 ιιι
1915 4055 2245 4139 populum

379 4155 766 4237 proditores
811 4157 913 4220 illi
964 4176 1302 4220 armorum
1343 4157 1591 4221 solatio
1640 4156 2068 4232 destitutum,
2105 4174 2242 4218 non

377 4255 881 4337 distinguentes
902 4256 1169 4340 justum
1199 4257 1287 4319 ab
1313 4256 1545 4339 impio,
1577 4262 1648 4319 et
1674 4263 1976 4336 stragem
2008 4253 2247 4318 imma-

379 4353 732 4419 nissimam
788 4355 1182 4432 inferentes,
1232 4355 1459 4419 locum
1524 4354 1918 4438 polluerunt
1977 4353 2246 4416 univer-

381 4533 823 4667 ufg’oeeroeaitmgd
853 4537 1137 4601 ἑοικέναι]
1169 4538 1275 4587 The
1311 4537 1474 4617 whole
1507 4538 1654 4588 letter
1683 4539 1731 4587 is
1759 4538 1906 4600 given
1941 4538 2006 4598 by
2031 4535 2253 4583 william

630 4621 664 4667 1)
