3457 5887
879 900 1153 950 FLORBS
1199 902 1731 952 msromAnuM.
2121 887 2251 952 243

368 1057 550 1140 quod
583 1075 709 1120 nec
741 1075 972 1138 regem
1011 1055 1643 1139 Hierosolymamm
1681 1056 1789 1120 vel
1820 1055 2239 1121 Francorum
2273 1075 2380 1117 nn.
2402 1077 2512 1116 mv.

369 1176 527 1221 cum
600 1175 836 1220 eorum
907 1156 1292 1237 legionibus
1366 1155 1690 1220 accedere
1761 1157 2238 1240 permiserunt.
2274 1128 2520 1217 mm.

373 1255 536 1335 Quo
574 1256 875 1338 cognito,
920 1254 1293 1337 imperator
1327 1253 1687 1319 Conradus
1730 1256 1836 1318 ira
1864 1255 2246 1321 vehementi

369 1374 742 1420 succensus
781 1375 902 1437 per
929 1354 1187 1418 medias
1224 1354 1641 1418 Francorum
1682 1356 1865 1419 acies
1898 1375 2051 1419 cum
2104 1357 2247 1419 suis

373 1456 795 1538 principibus
833 1454 920 1518 ad
964 1453 1353 1519 certaminis
1388 1454 1612 1518 locum
1645 1456 1981 1537 pervenit,
2012 1462 2082 1519 et
2112 1457 2249 1519 cui-

374 1554 534 1618 dam
595 1574 684 1618 ex
738 1553 1004 1632 Turcis‚
1066 1552 1380 1617 fidelibus
1425 1554 1718 1618 viriliter
1774 1555 2119 1619 resistenti
2181 1564 2253 1619 et

374 1660 651 1717 strenue
726 1654 1094 1730 dimicanti,
1159 1661 1369 1735 caput
1435 1653 1808 1735 galeatum,
1873 1654 2125 1718 collum
2185 1663 2255 1720 et

377 1752 736 1817 humerum
797 1752 1182 1830 loricatum,
1238 1752 1589 1816 brachium
1673 1753 2022 1817 sinistrum
2099 1774 2254 1818 cum

375 1853 691 1937 subjecto
738 1852 979 1931 latere,
1010 1872 1053 1916 a
1091 1852 1357 1934 reliquo
1401 1871 1685 1934 corpore
1733 1853 1978 1916 educto
2023 1853 2255 1935 gladio

378 1953 772 2034 separavit3
848 1952 1031 2034 quod
1103 1952 1360 2016 factum
1430 1952 1660 2016 hostes
1733 1953 1834 2017 ita
1899 1953 2255 2030 deterruit,

381 2052 566 2134 quod
610 2070 850 2116 versus
906 2053 1162 2128 urbem,
1213 2050 1490 2115 flumine
1534 2052 1796 2128 relicto,
1848 2051 2083 2133 fugere
2138 2054 2258 2117 de-

386 2157 755 2215 certarent.
858 2150 1161 2215 Obtento
1223 2151 1458 2232 itaque
1519 2149 1822 2227 flumine,
1878 2151 2111 2215 fideles
2172 2152 2259 2216 ad

396 2250 633 2313 urbem
696 2248 978 2313 liberius
1024 2248 1427 2314 accedentes
1471 2268 1624 2312 eam
1674 2248 2028 2314 obsidione
2071 2251 2264 2315 cinx-

393 2357 618 2426 erunt,
662 2349 840 2412 unde
884 2349 1068 2415 cives
1112 2356 1270 2432 post
1311 2348 1588 2431 longam
1632 2348 2054 2413 obsidionem
2099 2349 2262 2414 fide-

393 2447 555 2511 lium
591 2449 918 2513 virtutem
954 2455 1334 2514 metuentes
1361 2457 1432 2513 et
1461 2468 1839 2525 numerum,
1871 2450 2266 2532 compositis

389 2548 704 2626 sarcinis,
738 2548 914 2612 clam
956 2556 1026 2613 et
1068 2549 1155 2613 de
1198 2555 1397 2613 nocte
1440 2548 1525 2612 de
1556 2548 1840 2613 civitate
1874 2547 2112 2630 fugere
2146 2549 2266 2613 de-

386 2656 792 2728 creverunt3
838 2648 958 2712 sed
992 2649 1183 2732 prius
1227 2656 1613 2712 nostrorum
1658 2649 1944 2725 animos,
1975 2668 2267 2731 quorum

387 2766 681 2830 corpora
705 2748 980 2813 vincere
1029 2747 1424 2832 nequibant,
1456 2766 1887 2829 corrumpere
1921 2755 2266 2813 tentantes

388 2845 726 2911 dederunt
775 2847 1185 2931 quibusdam
1240 2847 1664 2930 principibus
1723 2865 1815 2910 ex
1870 2849 2123 2912 nostris
2179 2848 2264 2911 de

390 2947 705 3028 partibus
768 2948 1049 3013 orientis
1110 2948 1471 3031 pecuniam
1527 2946 1888 3025 infinitam,
1943 2949 2060 3031 qui
2109 2948 2266 3013 inde

394 3046 767 3128 proditoris
795 3048 1011 3112 vicem
1045 3055 1359 3130 gerentes
1393 3047 1815 3111 obsidionem
1850 3047 2118 3112 solvere
2153 3068 2267 3113 co-

398 3154 756 3211 narentur.
858 3147 1289 3212 Instantibus
1323 3154 1552 3211 autem
1598 3147 1683 3211 ad
1732 3146 1861 3211 hoc
1904 3147 2267 3230 proditori-

393 3246 529 3309 bus
561 3246 977 3325 memoratis,
1002 3247 1363 3330 loquentes
1397 3266 1551 3310 cum
1582 3247 1992 3328 imperatore
2021 3254 2091 3311 et
2113 3265 2269 3329 rege

397 3344 824 3409 Francorum
878 3347 951 3409 in
1002 3347 1161 3411 dolo
1210 3346 1503 3429 inceptae
1555 3345 1929 3410 obsidionis
1987 3344 2269 3410 difficul-

393 3452 614 3508 tatem
658 3445 1076 3527 allegabant,
1124 3453 1194 3510 et
1240 3446 1328 3511 ob
1371 3445 1501 3510 hoc
1545 3445 1699 3509 aliis
1748 3453 1946 3510 erant
1985 3445 2071 3509 de
2118 3465 2270 3528 pro-

388 3543 659 3608 ditione
683 3545 1002 3627 suspecti.
1084 3544 1284 3609 Unde
1313 3545 1680 3609 eorundem
1709 3544 2087 3627 principum
2124 3564 2268 3608 ma-

389 3642 615 3707 litiam
672 3644 1105 3709 manifestam
1157 3644 1611 3721 attendentes,
1676 3652 1746 3709 et
1789 3644 2094 3708 fraudem
2136 3645 2272 3709 ori-

390 3742 727 3807 entalium
763 3744 1207 3821 detestantes,
1255 3763 1490 3809 omnes
1544 3750 1886 3826 quotquot
1936 3751 2131 3833 eraut
2183 3744 2270 3809 de

388 3842 708 3923 partibus
754 3844 1149 3920 occidentis,
1193 3843 1453 3926 praevio
1496 3844 1904 3924 imperatore
1944 3851 2013 3908 et
2051 3843 2270 3907 Fran-

392 3960 636 4007 corum
697 3962 883 4025 rege,
927 3943 1014 4006 ad
1058 3961 1273 4023 regua
1317 3962 1467 4019 sua,
1520 3942 1758 4006 eadem
1808 3942 1924 4007 via
1968 3961 2106 4026 qua
2154 3962 2272 4006 ve-

388 4048 667 4119 nerant,
726 4049 888 4105 sunt
949 4042 1245 4121 reversi3
1302 4042 1418 4125 qui
1474 4041 1793 4124 deinceps
1851 4062 1990 4106 non
2053 4041 2273 4105 solum

390 4139 576 4217 illos,
653 4142 772 4225 qui
835 4141 994 4206 huic
1057 4140 1430 4224 proditioni
1486 4141 1966 4219 interfuerunt,
2023 4139 2144 4204 sed
2206 4148 2276 4204 et

394 4241 706 4304 omnium
778 4242 1210 4305 orientalium
1268 4242 1650 4324 principum
1709 4241 2278 4305 abominabantur

389 4341 769 4416 consortia,
803 4349 874 4406 et
903 4341 1072 4405 alios
1105 4341 1191 4406 ad
1225 4340 1431 4425 hujus
1474 4339 2044 4423 peregrinationis
2087 4359 2275 4403 amo-

395 4458 547 4502 rem
607 4440 830 4503 minus
879 4439 1260 4506 efficiebant
1306 4440 1670 4504 fervente&
1780 4440 2037 4504 Eodem
2093 4458 2274 4501 auno

399 4537 754 4603 Robertus
799 4540 883 4603 de
920 4534 1343 4617 'Chaisneim
1387 4538 1905 4604 archidiaconus
1947 4538 2280 4619 Legeces-

571 4687 587 4717 ¹
607 4686 904 4761 0ὴαίεηίοῆ
939 4708 996 4741 οι·
1015 4694 1080 4742 de
1097 4694 1380 4753 Querceto3
1400 4691 1463 4741 he
1485 4692 1605 4741 died
1627 4692 1679 4740 iu
1704 4690 1935 4752 Jauuary
1961 4693 2105 4809 1163.

1983 4772 2013 4807 ιι
