3457 5887
1304 765 1390 833 52
1804 778 2064 828 uocum
2112 779 2206 826 ns
2250 777 2653 826 wssnnovsss

988 955 1041 994 Δ
1046 955 1099 994 ι)
1121 956 1232 994 ¹0⁹⁶
1306 936 1827 1020 archiepiscopis
1854 936 2186 1002 catholice
2206 935 2562 1000 institutis.
2671 933 2891 996 Facta
2916 938 3021 994 est
3048 949 3176 993 au-

991 1004 1083 1042 Lito
1099 1004 1146 1043 ot

989 1053 1194 1095 wulstan-

1307 1044 1443 1102 tem
1476 1036 1620 1100 haec
1654 1037 2077 1100 consecratio
2106 1054 2286 1098 anno
2316 1034 2499 1115 regis
2548 1033 2770 1096 sancti
2802 1029 3173 1094 Eadwardi

1306 1135 1657 1217 vigesimo,
1677 1134 2045 1198 indictione
2075 1133 2336 1198 decima
2368 1133 2633 1215 quinta,
2653 1132 2763 1194 die
2785 1129 3169 1194 Dominica.

1499 1308 1597 1371 De
1624 1305 1950 1371 virtutibus
1974 1306 2172 1370 sancti
2213 1307 2482 1370 W'lstani
2507 1306 2578 1368 in
2605 1305 2973 1390 episcopatu.

1406 1432 1672 1497 Claruit
1716 1431 1929 1513 igitur
1972 1431 2212 1494 beatus
2244 1430 2604 1494 Wlstanus
2646 1428 2713 1491 in
2765 1428 3166 1510 episcopatu

1306 1530 1770 1612 Wigorniensi
1824 1531 2019 1594 annis
2065 1529 2410 1604 tredecim,
2471 1528 2868 1610 simpliciter
2921 1546 3002 1590 ac
3051 1528 3163 1609 pie

1306 1630 1620 1707 vivendo,
1650 1630 2012 1711 unicuique
2044 1627 2224 1711 quod
2269 1647 2466 1691 suum
2510 1635 2658 1691 erat
2690 1627 3017 1702 tribuens,
3050 1645 3164 1688 us-

1307 1749 1440 1811 que
1488 1731 1560 1792 in
1593 1737 1898 1811 tempora
1930 1728 2109 1809 regis
2135 1724 2488 1801 Willelmi,
2529 1726 2670 1807 qui,
2704 1723 2962 1806 Anglia
3003 1726 3162 1788 sub-

1298 1827 1567 1909 jugata,
1617 1836 1695 1891 ut
1739 1826 2133 1910 praedictum
2183 1833 2312 1901 est,
2358 1824 2645 1887 rebelles
2686 1824 2816 1888 sibi
2858 1842 3162 1905 quosque

1307 1925 1417 1989 vel
1466 1945 1509 1988 a
1556 1944 1768 2006 regno
1819 1924 2348 2006 proscripsisset,
2396 1922 2507 1986 vel
2556 1923 2844 1986 vinculis
2906 1924 3158 1985 manci·

1307 2030 1559 2105 passet,
1590 2024 1699 2087 vel
1752 2023 1824 2086 in
1873 2024 2270 2087 servitutem
2301 2029 2371 2085 et
2400 2029 2773 2085 extremam
2821 2022 3157 2084 miseriam

1305 2120 1708 2185 induxisset.
1793 2120 1953 2185 Rex
1997 2121 2269 2185 tandem
2302 2120 2710 2197 WillelmuS,
2740 2120 2824 2183 de
2869 2121 3156 2201 negotiis

1306 2226 1602 2285 tractare
1661 2219 2028 2303 disponens
2084 2220 2581 2297 ecclesiasticiS,
2644 2239 2821 2282 anno
2885 2220 3158 2282 Domini

1307 2317 1662 2383 millesimo
1712 2319 2214 2402 septuagesimo
2248 2320 2487 2402 quinto
2521 2317 2681 2381 fecit
2714 2317 2893 2400 apud
2929 2318 3157 2380 West·

1306 2419 1788 2482 monasterium
1817 2417 2147 2501 synodum
2175 2417 2574 2498 congregari
2599 2437 2616 2495 ;
2652 2418 2762 2479 cui
2788 2418 3155 2499 przfflidens

1308 2515 1755 2592 Lanfrancus,
1816 2516 2328 2580 Cantuariensis
2377 2516 2949 2598 archiepiscopus,
3005 2535 3155 2578 cum

1305 2616 1448 2678 suis
1480 2616 1924 2697 suffraganeis
1953 2616 2165 2697 coepit
2189 2614 2588 2696 corrigenda
2631 2616 2994 2694 corrigere,
3023 2615 3154 2677 cle-

1305 2713 1462 2776 ricis
1495 2716 1700 2778 etiam
1740 2722 1808 2778 et
1843 2714 2191 2777 monachis
2238 2714 2690 2777 honestiorem
2717 2714 2994 2776 vivendi
3022 2713 3156 2776 for-

1305 2830 1485 2875 mam
1516 2815 1840 2895 praebere.
1892 2811 2100 2895 Apud
2128 2813 2305 2876 hunc
2323 2812 2900 2894 archiepiscopum
2918 2813 3155 2876 beatus

1304 2911 1665 2977 Wlstanus
1716 2912 2171 2995 simplicitatis
2204 2919 2274 2976 et
2305 2911 2725 2976 illiteraturae
2770 2919 3154 2988 accusatuS,

1305 3019 1374 3075 et
1419 3013 1615 3095 quasi
1662 3012 1862 3076 homo
1915 3011 2152 3089 idiota,
2207 3011 2324 3094 qui
2369 3010 2673 3092 linguam
2729 3009 3156 3074 Gallicanam

1306 3129 1442 3173 non
1491 3118 1776 3174 noverat
1832 3129 1956 3173 nec
1998 3111 2205 3191 regiis
2249 3109 2547 3173 consiliis
2596 3111 2922 3173 interesse
2968 3118 3157 3193 pote·

1305 3215 1437 3283 rat,
1481 3209 1632 3289 ipso
1678 3228 1839 3288 rege
1883 3210 2347 3273 consentiente
2388 3216 2459 3271 et
2500 3207 2628 3272 hoc
2676 3208 3000 3285 dictante,
3043 3210 3157 3272 de·

1304 3306 1600 3368 cernitur
1659 3304 2114 3387 deponendus,
2217 3306 2442 3388 Igitur
2487 3306 2932 3383 Lausi-ancus,
2981 3308 3156 3371 inter

1305 3411 1552 3467 caetera
1583 3404 1849 3467 concilii
1883 3411 2167 3482 statuta,
2200 3406 2415 3470 virum
2451 3405 2583 3469 Dei
2607 3404 3003 3469 Wlstanum
3042 3406 3158 3490 ju-

1304 3503 1442 3579 bet,
1480 3509 1557 3565 ut
1606 3501 1920 3566 baculum
1976 3522 2129 3567 cum
2173 3504 2423 3568 annulo
2468 3505 2887 3586 resignaret3
2933 3513 3009 3569 at
3054 3506 3159 3568 vir

1306 3601 1580 3665 Domini
1605 3600 1991 3678 Wlstanus,
2025 3621 2148 3666 nec
2184 3603 2378 3666 vultu
2411 3610 2712 3667 mutatus
2743 3623 2868 3668 nec
2907 3604 3161 3680 animo,

1304 3702 1523 3765 erexit
1551 3721 1624 3765 se
1654 3707 1722 3764 et
1755 3701 2019 3782 virgam
2068 3701 2478 3783 pastoralem
2521 3720 2726 3765 manu
2761 3710 3006 3766 tenens
3056 3724 3164 3767 re-

1304 3800 1602 3882 spondit,
1664 3799 1935 3876 ‘Vere,'
1990 3801 2234 3882 inquit,
2286 3806 2306 3835 ‘
2332 3799 2599 3865 domine
2656 3801 2749 3863 mi
2826 3802 3164 3884 archiepi-

1302 3919 1527 3982 scope,
1575 3918 1734 3963 vere
1787 3899 1951 3975 scio,
2010 3899 2172 3980 quia
2231 3919 2353 3963 nec
2417 3900 2546 3964 hoc
2603 3900 2860 3964 honore
2912 3901 3164 3983 dignus

1300 4017 1475 4076 sum,
1507 4019 1630 4062 nec
1665 3998 1879 4077 oneri,
1906 4017 2027 4062 nec
2060 3998 2215 4061 huic
2239 3997 2576 4062 sufficiens
2605 3999 2848 4076 labori,
2883 3991 3036 4064 {sed
3065 4008 3168 4077 tu,

1370 4253 1557 4305 ¹.Sed
1582 4290 1596 4305 .
1622 4291 1635 4305 .
1672 4257 1953 4306 auctoritate
1978 4256 2203 4321 suscepi]
2249 4258 2481 4319 ignorans
2524 4263 2575 4307 et
2607 4263 2708 4307 ωε
2751 4261 3039 4319 sancteque
3081 4273 3169 4319 sy·

1300 4325 1400 4373 ‘Et
1432 4339 1561 4373 nunc
1594 4327 1888 4385 pastoralem
1922 4331 1974 4375 tu
2013 4328 2203 4387 virgam
2250 4328 2366 4375 nodi
2403 4328 2658 4376 sententian
2685 4328 2868 4377 cedens
2898 4329 3164 4390 resignabo

1298 4394 1480 4456 exigis,
1506 4408 1656 4455 quam
1680 4408 1778 4441 non
1812 4394 2078 4454 tradidisti,
2099 4397 2202 4444 offi-
2247 4396 2500 4458 baculum,
2521 4396 2610 4446 sed
2631 4411 2727 4445 non
2758 4398 2870 4460 tibi,
2889 4398 2979 4446 sed
3000 4398 3048 4447 ei
3070 4413 3165 4459 po·

1296 4465 1429 4512 cium
1444 4463 1624 4512 adimis
1646 4463 1781 4524 quod
1802 4477 1898 4510 non
1920 4465 2198 4514 contulisti.
2247 4467 2348 4514 tius
2384 4467 2531 4528 cujus
2567 4481 2680 4514 eum
2723 4469 3018 4515 auctoritate
3050 4482 3168 4516 sus-

1295 4539 1454 4595 etego
1468 4533 1667 4594 quidem
1688 4532 2082 4582 insufficientiam
2104 4548 2201 4583 non
2220 4543 2227 4607 1
2246 4530 2391 4595 cepi!
2423 4535 2550 4585 Dec.
2573 4535 2777 4597 Scriptt.
2797 4536 2894 4586 col.
2915 4539 3030 4585 4⁰⁶.
