3457 5887
911 864 1185 913 rLoRns
1231 863 1761 912 msromAnuM.
2152 846 2282 912 393

415 1029 768 1103 collocata,
812 1044 966 1090 cum
1005 1021 1356 1106 paululum
1396 1021 1870 1099 obdormisset,
1910 1022 2166 1087 exsiliit
2211 1029 2279 1087 et
2302 1039 2409 1081 ω).
2431 1039 2541 1079 11⁷⁸-

2304 1087 2594 1139 lmndds.

412 1128 713 1203 incessit,
756 1132 1249 1209 parentumque
1291 1122 1585 1204 suspiria
1626 1122 1699 1186 in
1745 1121 2056 1185 laetitiam
2099 1138 2281 1186 com·
2306 1138 2594 1190 amphibalus.

415 1227 728 1291 mutavit.

642 1397 738 1459 De
766 1393 1062 1459 miraculo
1090 1392 1266 1469 dobii,
1296 1401 1351 1456 et
1379 1392 1705 1478 diliqontia
1738 1392 2062 1479 quaerench‘.

457 1566 462 1571 -
523 1521 767 1586 Illuxit
813 1521 1077 1585 interea
1106 1524 1347 1582 sancta
1388 1518 1783 1583 solemnitas
1816 1519 1998 1583 beati
2029 1516 2286 1595 Albani

424 1622 752 1704 martyrio
802 1624 1224 1694 consecrata,
1276 1635 1505 1699 quam,
1553 1618 1625 1680 in
1673 1637 1749 1682 se
1799 1618 2077 1695 claram,
2116 1619 2284 1682 isto-

420 1740 570 1784 rum
620 1719 990 1801 publicatio
1043 1717 1517 1780 miraculorum
1569 1716 1860 1781 reddidit
1908 1718 2281 1782 clariorem.

424 1818 898 1884 Admonentur
964 1816 1197 1881 fideles
1259 1816 1347 1879 ad
1415 1815 1876 1899 eleemosynas
1931 1817 2285 1898 largiores,

426 1918 713 1999 singulis
793 1935 958 1981 usus
1044 1913 1313 1997 parcior
1389 1914 1861 1979 alimentorum
1942 1916 2284 1992 indicitur,

428 2026 497 2082 et
563 2019 812 2082 iterata
877 2016 948 2079 in
1019 2015 1389 2079 crastinum
1444 2015 1789 2097 processio
1843 2015 2284 2092 instauratur,

431 2117 550 2181 sed
606 2115 990 2197 interpositi
1045 2133 1315 2195 quoque
1377 2113 1522 2177 dies
1579 2132 2009 2197 nequaquam
2065 2115 2287 2179 otioso

437 2216 766 2281 transiere
811 2215 1170 2291 discursu;
1220 2213 1341 2277 sed
1386 2231 1604 2294 usque
1644 2214 1718 2277 in
1769 2212 2004 2277 horam
2048 2212 2286 2278 inven-

431 2316 637 2379 tionis
694 2320 1081 2378 sanctorum
1150 2312 1492 2375 miraculis
1556 2312 1984 2376 evidentibus
2055 2331 2289 2377 corus-

431 2415 654 2478 cabat.
789 2413 1054 2495 Nempe
1126 2411 1233 2475 vir
1308 2410 1582 2493 quidam
1654 2412 1738 2475 de
1812 2411 2289 2493 Kingesberia,

431 2512 763 2577 fodientes
829 2519 898 2577 et
959 2518 1233 2575 sanctos
1297 2519 1682 2593 quaerentes
1734 2511 2045 2588 irridenS,
2093 2519 2291 2576 nocte

433 2631 587 2676 cum
632 2611 786 2675 aliis
829 2611 1018 2675 venit
1060 2609 1147 2673 ad
1192 2610 1438 2686 locum,
1483 2610 1629 2692 pari
1673 2610 1944 2692 quidem
1988 2611 2126 2687 via,
2168 2610 2289 2675 sed

436 2710 789 2776 voluntate
873 2710 1194 2788 diversa3
1282 2709 1402 2791 qui
1462 2709 1819 2774 confestim
1875 2716 2187 2793 arreptus
2246 2730 2290 2774 a

434 2810 769 2875 daemonio
828 2809 1156 2874 furiosum
1211 2808 1557 2873 evidenter
1610 2810 1973 2893 expressit,
2022 2816 2093 2873 et
2137 2828 2290 2874 ves-

438 2917 542 2975 tes
571 2909 988 2993 dirumpens
1048 2907 1322 2993 abjecit,
1390 2915 1483 2986 et,
1543 2910 1661 2991 qui
1736 2910 1907 2975 alios
1980 2909 2292 2974 deridens

437 3017 747 3094 spectare
772 3016 1051 3075 venerat
1076 3008 1432 3086 fodientes,
1474 3009 1936 3092 spectaculum
1983 3010 2296 3074 omnibus

438 3117 545 3174 est
593 3109 870 3174 effectus
901 3129 919 3189 ς
966 3127 1276 3190 cumque,
1307 3109 1571 3172 cunctis
1604 3108 2015 3186 videntibus,
2043 3108 2298 3174 diutius

438 3216 891 3292 torqueretur,
934 3208 1360 3291 corripientis
1404 3208 1538 3272 Dei
1581 3226 1823 3271 manus
1866 3209 2185 3285 cessavit,
2230 3215 2300 3272 et

440 3309 708 3372 demum
746 3309 1123 3389 castigatus
1171 3307 1527 3372 incolumis
1569 3307 1656 3370 ad
1702 3309 1979 3390 propria
2020 3308 2301 3391 repeda-

433 3408 567 3472 ·vit.
667 3406 867 3471 Alius
898 3415 1122 3471 autem
1158 3414 1436 3471 sanctos
1470 3414 1854 3490 quaerentes
1890 3408 2112 3472 verbis
2142 3407 2302 3471 sub-

443 3507 856 3571 sannatoriis
884 3506 1177 3572 illudens
1210 3507 1443 3569 statim
1471 3505 1720 3570 divinae
1770 3506 2113 3591 subjacuit
2139 3506 2300 3571 ulti-

443 3608 583 3683 oni,
647 3625 801 3670 nam
856 3607 1033 3670 inter
1085 3605 1495 3688 loquendum
1539 3607 1737 3686 gravi
1786 3614 2137 3690 correptus
2195 3606 2301 3669 in-

441 3705 798 3769 commodo
839 3705 911 3768 in
972 3705 1162 3769 brevi
1216 3704 1683 3786 blasphemum
1733 3704 2046 3788 spiritum
2089 3705 2301 3769 exha-

438 3804 635 3868 lavit.
737 3802 1039 3885 Algarus
1081 3803 1166 3867 de
1217 3803 1697 3885 Dunestaplia,
1744 3823 1900 3867 cum
1947 3804 2034 3868 ad
2081 3803 2303 3868 locum

440 3903 729 3968 eundem
806 3903 1060 3967 dolium
1141 3903 1315 3966 celia
1387 3902 1661 3985 plenum
1733 3903 1820 3966 ad
1881 3903 2304 3968 vendendum

442 4003 653 4067 rheda
683 4002 940 4086 portari
981 4001 1277 4078 fecisset,
1320 4002 1607 4066 accessit
1644 4001 1733 4065 ad
1759 4021 1915 4066 eum
1942 4022 2125 4086 aeger
2156 4004 2305 4086 qui-

445 4103 603 4167 dam
653 4110 722 4166 et
771 4120 1054 4185 pauper,
1107 4120 1357 4183 rogans
1403 4101 1801 4184 simpliciter
1855 4103 1942 4167 ob
1988 4103 2306 4186 martyris

446 4221 768 4278 amorem,
823 4201 1021 4285 cujus
1078 4200 1536 4266 inventionem
1594 4201 1888 4284 populus
1950 4209 2307 4284 exspecta-

447 4302 593 4379 bat,
636 4309 714 4366 ut
759 4301 967 4377 sitim,
999 4319 1136 4382 qua
1178 4301 1634 4382 premebatur,
1674 4307 1843 4383 potu
1887 4300 2153 4365 modico
2200 4319 2306 4363 re-

449 4400 752 4480 levaret;
804 4399 1153 4464 incanduit
1196 4397 1499 4480 Algarus
1537 4397 1624 4462 ad
1669 4399 1878 4463 verba
1915 4399 2157 4480 aegroti
2201 4398 2306 4461 ira

446 4499 853 4576 vehementi,
901 4518 1210 4563 asserens
1255 4518 1330 4562 se
1368 4498 1532 4561 illuc
1566 4517 1702 4562 non
1740 4516 1950 4562 causa
1988 4497 2306 4580 martyris

433 4600 829 4676 advenisse,
869 4599 988 4662 sed
1042 4607 1118 4662 ut
1166 4599 1428 4661 lucrum
1477 4615 1905 4679 quocumque
1946 4596 2146 4661 modo
2185 4614 2309 4659 au-
