3457 5887
1235 815 1367 882 390
1740 832 2004 880 nocam
2051 831 2145 879 ns
2189 830 2599 879 wmmovsn

921 1011 1030 1052 An.
1051 1009 1162 1050 11⁷⁸.
1239 997 1308 1054 et
1340 1008 1624 1073 sequere
1667 1008 1800 1067 me,
1841 997 1910 1055 et
1950 988 2308 1055 ostendam
2338 987 2465 1053 tibi
2494 987 2915 1071 sepulchrum
2942 1005 3112 1070 pre-

920 1060 1214 1162 fflffffl&
1241 1088 1437 1154 tiosis
1495 1089 1643 1172 ejus
1700 1088 2003 1171 reliquiis
2056 1087 2505 1171 insignitum!
2604 1088 2895 1169 Surgens
2936 1105 3119 1167 ergo

1243 1186 1617 1264 Robertus‚
1662 1193 1741 1252 ut
1778 1188 1905 1251 sibi
1940 1188 2322 1264 videbatur,
2360 1193 2638 1251 secutus
2673 1193 2781 1250 est
2816 1205 2996 1262 eum,
3038 1191 3123 1248 et

1245 1305 1484 1352 versus
1536 1286 1923 1370 aquilonem
1978 1286 2049 1349 in
2106 1294 2328 1351 strata
2388 1286 2665 1369 publica
2728 1285 3123 1367 gradientes

1245 1392 1694 1468 perrexerunt
1754 1386 2034 1468 pariter,
2076 1385 2292 1450 donec
2343 1385 2430 1449 ad
2484 1384 2844 1468 planitiem
2902 1402 3122 1465 quan—

1246 1484 1404 1549 dam
1454 1485 1541 1548 ab
1597 1483 1883 1567 antiquo
1942 1484 2296 1563 incultam,
2353 1503 2512 1565 quae
2562 1484 2701 1548 sita
2756 1490 2868 1547 est
2913 1484 3121 1566 juxta

1247 1584 1432 1648 viam
1474 1584 1759 1665 regiam,
1797 1591 2287 1666 pervenerunt3
2327 1583 2622 1647 habebat
2663 1590 2898 1647 autem
2931 1583 3118 1645 locus

1249 1682 1365 1746 ille
1406 1690 1676 1765 gratam
1725 1682 2102 1765 planitiem,
2153 1691 2294 1747 tam
2341 1684 2616 1766 pascuis
2659 1700 2868 1764 quam
2920 1680 3116 1744 sessis

1250 1782 1320 1845 in
1355 1781 1470 1845 via
1510 1781 1896 1846 hominibus
1940 1782 2028 1846 ad
2070 1782 2498 1865 pausandum
2533 1788 2793 1864 aptam,
2825 1781 2894 1844 in
2924 1779 3111 1854 villa,

1252 1900 1406 1963 quae
1458 1879 1858 1945 Redburnia
1899 1889 2353 1962 nuncupatur,
2391 1881 2611 1945 tribus
2654 1879 2863 1944 ferme
2916 1878 3111 1942 milli-

1253 1978 1485 2043 aribus
1538 1998 1582 2043 a
1635 1987 1878 2044 sancto
1931 1980 2192 2045 distans
2241 1978 2536 2044 Albano.
2640 1978 2728 2042 In
2778 1978 2909 2042 hac
2956 1997 3112 2041 sane

1251 2078 1538 2162 planitie
1563 2079 1700 2143 duo
1733 2077 2029 2143 colliculi
2055 2079 2466 2156 eminebant,
2500 2078 2620 2163 qui
2650 2083 2670 2112 ‘
2692 2078 2927 2143 Colles
2955 2097 3111 2141 vex-

1253 2178 1544 2243 illorum·
1576 2178 2000 2255 dicebantur,
2029 2198 2114 2243 eo
2141 2178 2321 2261 quod
2354 2178 2538 2242 circa
2568 2178 2726 2242 illos
2760 2176 3114 2260 populares

1256 2276 1512 2342 fiebant
1539 2297 1910 2343 concursus
1939 2276 2213 2359 quando
2245 2277 2540 2361 populus
2570 2277 2793 2341 fidelis
2820 2296 2915 2340 ex
2948 2276 3115 2339 anti·

1257 2395 1394 2458 qua
1435 2377 1799 2441 traditione
1834 2376 2205 2442 solemnem
2237 2376 2734 2459 processionem
2763 2375 3114 2439 annuatim

1256 2474 1562 2539 ecclesiae
1607 2476 1829 2540 sancti
1879 2475 2134 2541 Albani
2188 2476 2422 2540 debita
2469 2495 2619 2539 cum
2672 2474 3119 2539 veneratione

1255 2573 1606 2656 persolvit.
1701 2574 1898 2639 Tunc
1944 2583 2226 2640 sanctus
2273 2575 2581 2641 Albanus
2618 2592 2660 2638 a
2697 2574 2812 2638 via
2860 2573 3117 2656 paulu-

1258 2672 1399 2738 lum
1437 2671 1832 2751 declinavit,
1882 2681 1975 2752 et,
2021 2674 2448 2758 apprehensa
2488 2693 2688 2738 manu
2707 2672 2861 2750 viri,
2902 2672 3117 2736 duxit

1259 2789 1415 2835 eum
1454 2771 1541 2835 ad
1587 2790 1799 2836 unum
1843 2773 1928 2838 de
1965 2773 2321 2852 colliculis,
2363 2774 2483 2857 qui
2522 2772 2949 2856 sepulchrum
2993 2773 3117 2835 be-

1258 2871 1357 2934 ati
1408 2872 1730 2957 martyris
1787 2872 2202 2937 continebat.
2303 2873 2594 2951 Deinde,
2645 2890 2976 2939 converso
3033 2870 3117 2934 ad

1260 2988 1415 3034 eum
1467 2969 1690 3049 vultu,
1739 2975 1763 3006 ‘
1797 2967 1977 3049 Hic‚’
2032 2973 2279 3056 inquit,
2325 2978 2345 3007 ‘
2373 2972 2568 3038 locus
2624 2973 2942 3055 magistri
2992 2971 3120 3035 mei

1261 3069 1583 3152 reliquias
1624 3077 1836 3147 tenet,
1886 3071 1998 3135 hic
2057 3072 2207 3156 ejus
2264 3091 2424 3137 ossa
2479 3073 2786 3154 contegit
2838 3080 2915 3137 et
2963 3090 3118 3136 con·

1261 3175 1493 3232 servat
1517 3167 1556 3248 ς’
1622 3177 1692 3233 et
1747 3169 1847 3233 sic
1895 3169 2081 3234 fatus
2128 3172 2376 3255 pollice
2423 3171 2555 3236 viri
2606 3179 2861 3236 terram
2911 3171 3119 3234 instar

1261 3268 1482 3331 crucis
1533 3260 1860 3350 ¹aperuit,
1907 3276 2001 3347 et,
2053 3288 2296 3335 eversa
2336 3271 2618 3353 cespitis
2657 3271 2930 3335 modica
2969 3284 3116 3353 por-

1263 3366 1473 3444 tione,
1503 3368 1842 3450 quoddam
1875 3369 2197 3433 scrinium
2223 3370 2578 3446 reseravit,
2610 3389 2700 3434 ex
2734 3389 2877 3453 quo
2900 3369 3114 3452 splen·

1264 3465 1389 3529 dor
1448 3467 1697 3530 nimius
1758 3468 1996 3531 exiens
2060 3469 2291 3532 orbem
2343 3468 2699 3533 occiduum
2757 3468 3117 3533 illustravit

1263 3572 1333 3626 et
1373 3564 1594 3646 primo
1641 3565 1815 3629 lucis
1856 3585 2001 3631 suae
2044 3566 2274 3631 radios
2310 3568 2381 3630 in
2419 3568 2656 3631 mundi
2697 3567 3115 3632 latitudinem

1264 3662 1538 3744 copiose
1592 3664 1898 3745 diffudit3
1973 3685 2111 3748 quo
2160 3665 2370 3744 facto,
2430 3666 2715 3749 capsula
2759 3666 3117 3732 recluditur

1262 3766 1332 3823 et
1387 3760 1522 3825 loci
1572 3763 1894 3845 planities
1948 3765 2020 3828 in
2069 3773 2324 3831 statum
2378 3765 2741 3847 pristinum
2804 3765 3122 3830 reforma-

1261 3866 1396 3922 tur.
1486 3859 1738 3944 Stupet
1778 3864 1887 3926 vir
1932 3863 2072 3941 ille,
2123 3872 2216 3941 et,
2268 3864 2428 3947 quid
2471 3865 2604 3929 sibi
2654 3884 2862 3948 super
2909 3866 2995 3929 iis
3033 3864 3123 3930 sit

1262 3957 1628 4038 agendum,
1680 3980 1723 4024 a
1771 3970 2011 4026 sancto
2055 3963 2364 4046 postulat
2409 3963 2713 4044 edoceri;
2780 3964 2870 4028 ad
2925 3984 3122 4047 quem

1261 4057 1503 4120 beatus
1532 4057 1873 4136 Albanus,
1898 4068 1919 4096 ‘
1940 4060 2159 4144 Signa·
2177 4062 2404 4127 locum
2425 4063 2814 4146 diligenter,
2831 4071 2934 4139 ut,
2965 4084 3120 4147 quae

1261 4174 1414 4220 meo
1457 4156 1582 4221 tibi
1622 4167 1786 4223 sunt
1828 4160 2132 4226 revelata
2168 4161 2565 4241 ministerio,
2598 4163 2855 4227 firmius
2896 4164 3125 4227 adhae·

1265 4261 1460 4319 reant
1486 4258 1700 4321 menti
1732 4266 1909 4339 tuae3
1955 4261 2181 4326 veniet
2208 4262 2389 4325 enim
2423 4280 2463 4326 e
2490 4263 2803 4344 proximo
2831 4271 3124 4346 tempus,

1264 4354 1537 4436 quando
1572 4355 1719 4420 haec
1764 4358 2125 4424 instructio
2153 4368 2275 4424 tua
2298 4361 2614 4443 specialis
2639 4363 2938 4443 generali
2966 4382 3125 4445 pro·

1263 4452 1471 4520 fectui
1501 4455 1877 4535 militabit3'
1920 4465 1989 4522 et
2020 4458 2125 4521 his
2154 4459 2378 4534 dictis,
2397 4460 3125 4545 ‘Surge‚’inquit,‘ea·

1783 4614 2067 4681 uper-an]
2100 4615 2403 4681 ‘Apparuit‘
2425 4620 2477 4667 sn
2501 4619 2614 4669 ms.
