3457 5887
845 926 1118 976 rmus
1171 925 1702 976 nisi-omnnia.
2072 915 2199 981 231

479 1153 662 1230 Quod
683 1175 868 1219 comes
894 1153 1188 1220 Robmue
1213 1153 1437 1220 obsideo
1463 1154 1753 1241 quondam
1777 1155 1962 1222 dmin
1989 1159 2061 1224 ia

1018 1255 1499 1320 Nemausum.

438 1376 643 1444 Anno
697 1378 975 1443 Domini
1024 1394 1278 1445 ucxm.
1342 1379 1713 1458 Robcrtus,
1752 1399 1979 1445 comes
2027 1379 2198 1446 Glo·
2224 1405 2334 1446 nn.
2357 1408 2469 1447 10⁴1.

336 1479 713 1555 vernensis,
757 1478 1226 1543 transfretavit
1276 1479 1348 1543 in
1391 1478 1912 1557 Normanniam,
1945 1481 2201 1544 ducens
2225 1457 2481 1557 my.

336 1597 567 1642 secum
610 1577 938 1662 quosdam
983 1578 1253 1642 obsides
1295 1586 1693 1660 magnatum
1740 1576 2040 1661 Angliae,
2083 1580 2202 1663 qni

333 1677 749 1760 imperatrici
781 1677 1129 1755 favebant,
1160 1684 1240 1741 ut
1270 1696 1495 1742 comes
1528 1675 2051 1760 Andegavensis
2082 1698 2201 1744 eos

334 1777 729 1855 custodiret,
773 1784 844 1842 et
887 1778 1167 1860 insuper
1218 1776 1307 1839 ad
1359 1776 1865 1860 subjugandum
1914 1797 2199 1860 regnum

335 1876 614 1959 Angliae
664 1876 1185 1956 transfretaret;
1243 1868 1458 1958 ¹quod
1503 1895 1731 1941 comes
1790 1876 1877 1941 ad
1932 1884 2200 1962 tempus

335 1975 563 2040 facere
618 1976 867 2054 renuit,
922 1983 1203 2058 propter
1255 1975 1689 2039 rebellionem
1743 1974 2199 2058 Andegaven-

337 2076 517 2138 sium
558 2082 631 2139 et
673 2074 958 2139 aliorum
996 2074 1344 2139 hominum
1383 2093 1687 2152 suornm,
1717 2076 1837 2158 qui
1876 2076 2068 2139 illum
2098 2077 2197 2140 in-

337 2173 712 2251 festabant,
764 2174 883 2239 sed
926 2181 1154 2238 tamen
1198 2172 1480 2238 tradidit
1509 2174 1573 2238 ei
1622 2174 2022 2250 Henricum,
2066 2176 2200 2258 pri-

343 2274 764 2356 mogenitum
790 2273 998 2338 filium
1030 2292 1253 2350 suum,
1285 2280 1364 2337 nt
1395 2292 1546 2336 cum
1582 2274 1735 2356 ipso
1763 2273 1848 2338 ad
1878 2273 2202 2356 Angliam

343 2373 840 2438 transfretaret.
947 2373 1107 2457 Ipse
1156 2392 1346 2449 vero,
1401 2380 1742 2456 praesente
1788 2373 2011 2437 adhuc
2059 2373 2206 2438 Ro-

339 2473 536 2538 berto
564 2474 832 2550 comite,
861 2474 1045 2556 cepit
1071 2466 1310 2537 ²Alnei
1341 2479 1410 2536 et
1444 2472 1918 2550 Moritoninm,
1946 2473 2205 2538 Tener-

339 2571 613 2636 chebrai
646 2580 716 2637 et
746 2572 1152 2649 CerencheS,
1185 2571 1472 2636 castella
1503 2572 1775 2636 comitis
1811 2570 2204 2649 Moretonii,

336 2679 412 2736 et
451 2672 989 2737 Abrincacenses
1042 2679 1114 2736 et
1157 2670 1793 2736 Constantinienses
1844 2691 1993 2736 sese
2041 2672 2205 2736 sub-

338 2771 656 2835 diderunt
703 2771 789 2835 ei.
892 2771 1150 2836 Eodem
1198 2789 1406 2847 anno,
1447 2789 1604 2835 cum
1648 2790 1774 2833 rex
1820 2768 2201 2854 Anglorum

336 2864 766 2954 Stephanns³
805 2870 984 2955 apud
1020 2870 1446 2936 Wintoniam
1477 2869 1832 2934 castellum
1866 2870 2205 2954 quoddam

338 2969 669 3047 firmaret,
712 2971 1104 3054 supervenit
1143 2970 1443 3034 hostium
1493 2989 1774 3035 suorum
1817 2970 2204 3035 innumera-

340 3068 502 3132 bilis
554 3069 944 3148 multitudo,
1008 3078 1079 3134 et
1139 3070 1469 3152 impetum
1532 3069 1862 3134 facientes
1918 3071 1991 3134 in
2051 3089 2207 3134 eum

339 3176 717 3249 coegerunt
756 3170 948 3233 illum
991 3170 1062 3233 in
1104 3168 1376 3252 fugam3
1421 3170 1492 3232 in
1526 3168 1659 3233 hac
1702 3177 1930 3233 antem
1974 3188 2209 3252 pugna

339 3275 593 3350 captus
635 3274 741 3333 est
771 3268 1157 3334 Willelmus
1201 3268 1480 3346 Martel,
1524 3267 1791 3351 dapifer
1826 3267 2009 3351 regis
2052 3269 2204 3333 Ste-

334 3366 579 3449 phani,
625 3373 696 3432 et
739 3368 918 3450 apud
958 3366 1456 3450 Wallingeford
1501 3367 1837 3432 adductus
1890 3369 2019 3432 sub
2052 3388 2206 3433 cus-

337 3465 537 3531 todia
605 3466 837 3533 Brieni
900 3467 1022 3532 filii
1083 3467 1352 3532 comitis
1421 3466 1553 3530 fuit
1609 3466 2003 3549 deputatus,
2063 3469 2203 3550 qui,

334 3572 710 3648 antequam
740 3567 963 3631 exiret
1003 3568 1088 3630 de
1122 3586 1415 3643 carcere,
1446 3563 1740 3630 reddidit
1790 3567 2203 3649 imperatrici

333 3665 824 3730 Sirebnrnense
849 3666 1205 3730 castellum
1240 3684 1366 3748 pro
1394 3664 1794 3729 liberatione
1822 3684 1966 3729 sua.

381 3813 568 3889 Quod
594 3814 893 3880 Maticdis
917 3812 1288 3976 imper-agl&
1319 3809 1541 3875 obsessa
1562 3832 1762 3896 reyom
1793 3812 2173 3899 Stephanum

1242 3912 1387 3975 usit.

427 4038 778 4104 Audiente
805 4047 1030 4104 autem
1057 4037 1293 4103 eodem
1326 4044 1629 4118 tempore
1661 4055 1820 4118 rege
1851 4034 2202 4120 Stephano

322 4194 325 4195 ⁷
397 4219 414 4253 i
435 4225 741 4281 quodem,
764 4259 777 4274 ‚
804 4259 819 4274 ‚
844 4258 858 4273 ,
880 4222 1082 4287 mum]
1098 4222 1245 4273 com-
1295 4219 1379 4268 the
1417 4222 1587 4268 return
1622 4218 1679 4267 of
1708 4218 1794 4267 the
1831 4218 1956 4281 king
1990 4225 2040 4268 to
2062 4221 2202 4270 Win-

327 4307 449 4355 ραι-ο
471 4293 707 4343 Ordcric.
726 4293 881 4343 vital.
902 4297 1015 4343 928.
1296 4288 1490 4338 chester
1510 4288 1638 4337 aster
1658 4288 1739 4337 his
1771 4288 1981 4350 release,
2001 4290 2100 4338 and
2123 4291 2204 4340 his

396 4393 621 4446 ‚AM
686 4394 1027 4457 cambes]
1044 4394 1247 4456 ΑΜΕ,
1295 4357 1609 4407 fortification
1651 4357 1710 4406 of
1746 4358 1831 4408 the
1885 4373 2109 4422 nunnery
2150 4366 2204 4409 at

326 4466 574 4528 mortain,
610 4466 943 4528 Tinchebray
994 4465 1092 4515 ⁸¹²⁶
1150 4463 1247 4513 ⁰⁶·
1295 4428 1378 4558 ζ
1379 4428 1481 4546 ιιῗο
1486 4427 2209 4548 atlhssfmcsszczzraffiffg

324 4551 525 4586 m·

1298 4566 1486 4627 feated,
1502 4566 1600 4616 and
1623 4566 1793 4615 where
1817 4566 2039 4616 william
2067 4568 2207 4618 Mar·-

397 4634 738 4700 ’.Steplunus
770 4633 794 4697 ]
846 4636 1125 4685 Wendover
1154 4650 1247 4698 ap·
1297 4635 1688 4699 telwastaken,
1707 4637 1926 4685 inllss.
1993 4637 2205 4687 Gen-vas.

329 4721 484 4769 pears
529 4712 583 4756 to
615 4706 742 4757 have
776 4706 1085 4756 confonnded
1128 4704 1248 4754 here
1298 4670 2024 4755 Clamosa-13⁶8..
