3457 5887
862 851 1135 900 ivnonas
1179 853 1701 905 ms‘ronmnuu.
2121 842 2215 906 53.

350 1003 467 1084 qui
495 1006 759 1088 virgam
807 1009 1218 1090 pastoralem
1263 1010 1511 1092 exigis,
1551 1030 1759 1093 quam
1806 1033 1944 1077 non
1998 1014 2206 1079 tradi·
2226 1034 2335 1074 an.
2357 1036 2465 1073 1⁰⁹3.

346 1101 549 1182 disti3
595 1112 735 1169 tuae
779 1108 1130 1171 sententiae
1164 1116 1390 1172 tamen
1431 1103 1707 1174 ¹cedens
1733 1112 2049 1176 baculum
2093 1135 2202 1178 re-
2225 1084 2428 1174 ivm

349 1202 660 1282 signabo,
702 1205 863 1270 licet
890 1226 1026 1270 non
1058 1207 1205 1284 tibi,
1234 1209 1394 1290 quia
1433 1208 1690 1291 justius
1722 1210 1915 1273 illum
1959 1220 2198 1278 sancto

349 1302 626 1366 reddam
689 1303 1095 1382 Eadwardo,
1158 1307 1354 1390 cujus
1408 1308 1722 1371 baculum
1790 1311 2199 1375 auctoritate

350 1401 660 1484 suscepi.'
738 1403 830 1467 Et
861 1404 969 1467 his
997 1404 1196 1468 dictis
1228 1425 1379 1469 cum
1407 1407 1550 1469 suis
1588 1408 1877 1472 accessit
1904 1409 1988 1472 ad
2019 1416 2197 1472 tum-

346 1500 503 1563 bam
575 1520 1041 1581 marmoream,
1110 1523 1245 1586 qua
1318 1504 1594 1586 gloriosi
1658 1507 1839 1587 regis
1893 1508 2195 1590 reliquiae

347 1599 855 1679 claudebantur,
884 1610 955 1665 et
981 1610 1175 1669 stans
1209 1611 1367 1667 ante
1409 1604 1837 1685 sepulchrum
1880 1607 2000 1684 ait,
2045 1612 2065 1640 ‘
2085 1607 2193 1672 Tu

348 1699 528 1774 scis:
570 1698 807 1782 inquit,
865 1706 885 1735 ‘
908 1702 1331 1765 sanctissime
1376 1720 1500 1765 rex
1546 1701 1947 1781 Eadwarde,
1990 1725 2194 1789 qnam

346 1798 599 1861 invitus
661 1798 788 1862 hoc
843 1818 1016 1862 onus
1070 1799 1504 1882 susceperim,
1550 1803 1817 1883 quoties
1874 1822 1983 1866 me
2041 1823 2194 1868 cum

346 1915 686 1980 quaererer
717 1898 1236 1975 absentaverim,
1279 1899 1376 1961 sic
1414 1898 1634 1963 fateor
1662 1903 1824 1983 quia
1865 1901 2193 1985 insipiens

345 1994 568 2058 factus
610 2014 786 2071 sum,
830 1995 948 2058 sed
996 2005 1070 2060 tu
1112 2016 1220 2059 me
1265 1997 1593 2077 coegisti3
1650 2018 1809 2063 nam
1850 2000 2009 2065 licet
2054 2001 2196 2066 fra-

345 2102 531 2157 trum
572 2113 708 2157 non
745 2092 1010 2157 deesset
1040 2095 1304 2169 electio,
1337 2095 1553 2177 plebis
1583 2098 1845 2178 petitio,
1872 2100 2191 2164 voluntas

346 2193 818 2274 episcoporum
840 2199 909 2255 et
926 2193 1148 2273 gratia
1172 2211 1547 2275 procerum,
1577 2194 1687 2257 his
1720 2203 1948 2260 tamen
1975 2200 2191 2263 omni-

345 2292 476 2353 bus
505 2297 627 2354 tua
652 2290 1209 2373 praeponderabat
1234 2292 1628 2370 auctoritas,
1660 2301 1783 2357 tua
1822 2296 2041 2375 magis
2073 2317 2194 2361 vo-

343 2390 599 2465 luntas,
626 2389 746 2452 sed
780 2408 935 2453 ecce
962 2410 1139 2454 nunc
1168 2410 1384 2454 novus
1418 2374 1565 2468 reik,
1597 2410 1778 2455 nova
1810 2393 1948 2468 lex,
1977 2413 2193 2457 novus

344 2487 651 2570 pontifex
693 2507 908 2552 novas
951 2490 1323 2552 sententias
1364 2490 1846 2572 promulgant3
1899 2500 1967 2554 te
2010 2512 2191 2557 erro—

341 2588 434 2649 ris
478 2595 798 2668 arguunt,
834 2588 952 2670 qui
992 2607 1100 2650 me
1148 2588 1535 2670 pontificem
1576 2588 1834 2668 fecisti;
1880 2610 1988 2653 me
2021 2611 2194 2673 prae-

343 2686 765 2767 sumptioniS,
816 2687 934 2767 qui
994 2689 1344 2751 consensi:
1408 2708 1543 2751 non
1591 2695 1820 2751 tamen
1860 2688 2021 2765 illis,
2075 2691 2191 2772 qni

343 2786 632 2865 exigunt
682 2783 864 2867 quod
926 2805 1062 2848 non
1115 2785 1469 2862 dederunt,
1528 2785 1647 2849 sed
1696 2786 1822 2850 tibi
1879 2787 2224 2852 baculum·

345 2885 616 2964 resigno
676 2884 796 2965 qui
851 2882 1118 2961 dedisti,
1169 2884 1293 2948 tibi
1344 2903 1575 2948 curam
1632 2903 1864 2949 eorum
1925 2887 2191 2951 dimitto

344 3000 519 3064 quos
562 2981 724 3044 mihi
779 2983 1261 3047 commendasti
1284 2978 1323 3062 ;’
1373 2992 1441 3048 et
1491 3002 1643 3046 cum
1692 2984 1837 3048 haec
1884 2985 2193 3063 dixisset,

342 3081 611 3146 elevata
652 3081 1001 3163 paululum
1048 3101 1253 3145 manu
1298 3083 1370 3145 in
1413 3082 1732 3165 lapidem,
1775 3103 1910 3166 qno
1947 3104 2193 3166 corpus

340 3187 653 3243 sanctum
702 3182 1080 3261 tegebatur,
1112 3181 1451 3262 impressit
1477 3182 1814 3258 baculum,
1841 3188 1861 3216 ‘
1887 3181 2192 3265 Accipe,'

332 3279 669 3361 inquienS,
701 3285 721 3313 ‘
742 3278 1007 3342 domine
1048 3280 1139 3342 mi
1177 3298 1323 3356 rex,
1357 3288 1425 3344 et
1463 3280 1573 3342 cui
1618 3280 1951 3362 placuerit
1996 3281 2187 3345 trade

333 3378 524 3442 illum
545 3376 584 3457 ;’
633 3385 704 3441 et
728 3378 832 3441 sic
862 3378 1273 3442 descendens
1315 3380 1401 3441 ab
1426 3378 1652 3454 altari,
1685 3379 2184 3460 pontificalibus

333 3485 610 3553 exutuS,
653 3477 833 3540 inter
868 3477 1233 3540 monachos
1264 3477 1410 3558 ipse
1434 3476 1581 3557 jam
1615 3477 1984 3540 monachus
2027 3479 2187 3541 sim-

333 3576 498 3659 plex
528 3575 800 3640 resedit.
903 3574 1087 3654 Quid
1133 3594 1297 3656 ergo
1314 3576 1344 3638 ‘l
1390 3574 1898 3639 admirabantur
1927 3595 2186 3653 omnes„

330 3675 677 3738 intuentes
750 3675 1013 3756 virgam
1073 3673 1483 3757 pastoralem
1545 3673 1717 3737 silici
1777 3675 2186 3751 immersam,

332 3793 517 3856 quae,
544 3774 739 3856 quasi
782 3774 855 3836 in
899 3792 1230 3836 marmore
1281 3771 1608 3848 radicata,
1636 3791 1760 3835 nec
1805 3772 2189 3836 declinabat

332 3872 427 3935 ad
500 3871 852 3936 dexteram
930 3890 1149 3953 neque
1205 3870 1293 3934 ad
1355 3872 1697 3934 sinistram
1733 3890 1751 3948 ;
1829 3871 2189 3934 tentabant

329 3971 523 4034 illam
557 3971 828 4053 quidam
860 3970 1170 4046 evellere,
1211 3968 1331 4032 sed
1376 3970 1498 4033 illa
1536 3968 1897 4032 immobilis
1922 3987 2186 4050 perma—

333 4071 565 4133 nebat.
667 4069 810 4134 Res
851 4068 1151 4132 defertur
1192 4068 1263 4130 in
1304 4067 1660 4150 synodum,
1688 4066 1807 4130 sed
1851 4065 2187 4130 Lanfran-

334 4188 460 4232 cus
487 4168 685 4232 dictis
711 4168 911 4231 fidem
950 4187 1088 4232 non
1132 4165 1480 4242 adhibenS,
1522 4164 1851 4230 accersito
1883 4164 2188 4229 Roffensi

334 4269 656 4350 episcopo
711 4266 1085 4343 Gundulfo,
1125 4265 1325 4349 jubet
1371 4271 1450 4329 ut
1493 4264 1817 4328 accedens
1867 4264 1954 4326 ad
2014 4272 2186 4328 tum-

333 4367 494 4430 bam
554 4366 892 4444 bacqum,
959 4383 1161 4449 quem
1219 4365 1626 4447 deposuerat
1672 4363 2054 4442 Wlstanus,
2115 4364 2188 4426 in

916 4603 935 4638 ²
961 4600 1189 4673 cedem]
1227 4599 1475 4670 ‘sedem‘
1497 4606 1610 4656 MS.
