3457 5887
864 1315 1110 1405 isse

864 1416 996 1466 81148-

879 3702 989 3743 Aa).
1012 3702 1123 3742 mo.

880 3752 1017 3793 noun
1034 3752 1165 3793 οιιιιο
1198 3787 1214 3803 ,

878 3813 1069 3851 emperor

883 3853 1043 3902 fleury.

1179 829 1311 894 206
1686 843 1948 893 uocum
1995 843 2088 890 ns
2132 837 2544 891 wmmovssn

1235 1080 1369 1143 Rom
1390 1077 1736 1144 Jerusalem
1760 1076 2161 1141 Baldewinus
2187 1084 2401 1140 contra
2437 1075 2665 1140 Τιινσοε
2694 1074 2996 1141 dimicans

1758 1177 2036 1261 feliciter
2060 1175 2487 1260 triumphavit.

1287 1300 1489 1366 Circa
1520 1301 1795 1366 eosdem
1824 1301 1970 1366 dies
2004 1294 2023 1332 ¹
2039 1300 2533 1383 Borsequinus,
2562 1300 2880 1383 princeps
2900 1300 3051 1383 qui-

1189 1401 1347 1465 dam
1392 1400 1673 1465 orientis
1733 1400 2274 1485 potentissimus,
2334 1400 2658 1484 adjuncto
2717 1400 2849 1463 sibi
2907 1400 3049 1463 Da-

1188 1519 1655 1564 mascenorum
1688 1520 1849 1584 rege
1884 1499 2341 1582 Doldequino,
2373 1500 2667 1563 transito
2702 1497 3050 1582 Euphrate

1189 1599 1422 1678 fluvio,
1470 1606 1703 1683 partes
1745 1599 2169 1683 depopulans
2210 1597 2704 1677 AntiochenaS,
2749 1596 3052 1681 Caphar-

1187 1699 1325 1763 dan
1367 1706 1668 1763 castrum
1711 1699 1981 1764 obsedit
2040 1707 2111 1765 et
2160 1699 2365 1782 cepit,
2405 1699 2701 1781 indeque
2743 1717 3048 1781 progres-

1188 1819 1307 1863 sus
1365 1797 1640 1863 Harsad
1707 1798 2037 1882 oppidum
2099 1797 2449 1863 obsidione
2512 1798 2805 1863 vallavit
2834 1818 2853 1878 ;
2919 1818 3050 1881 quo

1189 1897 1448 1976 audito,
1470 1918 1593 1962 rex
1621 1898 2086 1974 BaldewinuS,
2114 1898 2234 1981 qui
2263 1904 2404 1962 tam
2434 1899 2631 1979 regni
2649 1896 3049 1980 Hierosoly·

1188 1998 1429 2062 mitani
1471 2017 1678 2081 quam
1709 1996 2099 2063 Antiochiae
2139 1997 2561 2081 principatus
2593 2016 2828 2061 curam
2870 2016 3055 2078 gere-

1191 2097 1336 2175 bat,
1389 2117 1545 2162 cum
1595 2097 1812 2181 copiis
1854 2096 2260 2162 militaribus
2303 2097 2467 2161 illuc
2511 2115 2670 2160 cum
2724 2096 3053 2160 festinati-

1170 2193 1325 2261 'one
1352 2197 1744 2277 descendit3
1789 2198 2210 2280 repertisque
2252 2196 2328 2260 in
2371 2194 2725 2261 obsidione
2768 2195 3052 2279 praesata

1194 2295 1507 2361 hostibus
1565 2297 1985 2374 memoratis,
2031 2294 2381 2379 dispositis
2427 2296 2703 2361 aciebus
2757 2295 2831 2360 in
2873 2296 3054 2378 ipsos

1193 2394 1395 2460 irruit
1423 2395 1882 2475 vehementer,
1917 2404 1988 2461 et
2030 2395 2264 2460 divina
2305 2402 2650 2460 annuente
2678 2395 3057 2471 clementia,

1194 2495 1510 2559 omnibus
1551 2496 1625 2560 in
1655 2494 1892 2578 fugam
1924 2494 2317 2578 compulsis,
2360 2493 2646 2560 feliciter
2678 2493 3055 2577 triumpha—

1193 2594 1344 2674 vit3
1409 2594 1799 2661 ceciderunt
1848 2595 1945 2659 ibi
1997 2614 2087 2659 ex
2140 2593 2452 2659 hostibus
2514 2595 2602 2658 ad
2651 2594 2782 2658 duo
2834 2594 3056 2658 millia

1193 2694 1497 2758 virorum
1527 2702 1598 2759 et
1627 2695 1879 2778 sepulti
1922 2700 2085 2758 sunt
2130 2693 2204 2757 in
2231 2693 2517 2758 inferno.
2620 2692 2770 2757 Rex
2816 2700 3055 2758 autem

1197 2793 1281 2857 de
1310 2794 1601 2877 pecunia
1628 2793 1771 2858 illic
1799 2794 2059 2859 viribus
2092 2795 2375 2858 obtenta
2405 2793 2615 2856 filiam
2644 2812 2834 2857 suam
2854 2794 3055 2875 quin-

1196 2912 1557 2977 quennem,
1587 2912 1796 2978 quam
1843 2913 1970 2977 pro
2023 2911 2153 2958 sua
2194 2892 2598 2960 liberatione
2645 2893 2836 2976 prius
2881 2893 3061 2957 obsi-

1196 2994 1351 3059 dem
1392 3002 1742 3078 posuerat,
1776 3013 1820 3059 a
1851 2994 2234 3058 Turcorum
2276 2992 2570 3058 vinculis
2613 2991 2954 3069 liberavit,
2992 3001 3059 3056 et

1195 3092 1355 3158 inde
1395 3113 1710 3159 reversus
1758 3093 1940 3158 circa
1981 3092 2392 3158 Ascalonem
2438 3092 2709 3176 praedas
2747 3091 2913 3174 egit,
2951 3092 3061 3155 ubi

1197 3192 1463 3258 Turcos
1501 3213 1638 3258 non
1685 3211 1969 3277 paucos,
2011 3212 2185 3276 quos
2234 3191 2507 3256 obviam
2548 3191 2814 3270 habuit,
2858 3192 3059 3255 inter-

1196 3292 1358 3358 fecit
1391 3299 1463 3357 et
1495 3293 1714 3358 victor
1748 3292 1836 3358 ad
1874 3293 2154 3376 propria
2184 3292 2535 3357 remeavit.

1245 3462 1442 3542 Quod,
1472 3474 1707 3532 mortuo
1735 3465 2123 3552 imperatore,
2154 3464 2523 3550 insperata-ias
2557 3485 2799 3530 reversa
2825 3474 2908 3529 est
2935 3462 3027 3528 ad

1887 3572 2136 3651 patrem
2162 3584 2357 3629 suum.

1293 3686 1500 3753 Anno
1524 3688 1805 3754 Domini
1839 3706 2156 3755 mcxxvl.
2193 3688 2563 3766 HenricuS,
2597 3688 3068 3753 Romanorum

1193 3795 1587 3870 imperator,
1604 3788 1782 3853 diem
1811 3789 2061 3854 clausit
2091 3796 2472 3877 extremum
2497 3807 2516 3868 ;
2561 3788 2673 3852 cui
2697 3789 3070 3853 succedens

1198 3887 1567 3952 Lotharius
1586 3880 1610 3919 ²
1639 3888 1838 3951 annis
1866 3888 2222 3953 duodecim
2254 3887 2638 3970 imperavit.
2714 3888 2911 3952 Tunc
2939 3889 3073 3951 im-

1197 3987 1502 4070 peratrix
1548 3986 1861 4051 Matildis
1888 3988 1976 4052 ad
2019 3996 2284 4071 patrem
2314 4006 2514 4051 suum
2545 4006 2778 4068 regem
2810 3987 3066 4052 Henri-

1197 4105 1354 4151 cum
1402 4105 1679 4151 reversa
1718 4085 2059 4152 habitavit
2107 4088 2179 4151 in
2222 4085 2523 4152 thalamo
2566 4086 2717 4170 ejus
2761 4105 2916 4151 cum
2958 4107 3070 4150 re-

1199 4184 1410 4268 gina3
1464 4186 1797 4269 diligebat
1848 4186 2027 4251 enim
2073 4206 2224 4252 eam
2267 4205 2391 4250 rex
2435 4184 2661 4262 valde,
2707 4186 2874 4269 quia
2918 4187 3074 4249 uni-

1200 4304 1351 4349 cam
1408 4286 1596 4349 illam
1659 4285 1953 4351 habebat
2013 4286 2403 4367 haeredem3
2458 4293 2529 4350 et
2581 4286 2765 4349 circa
2817 4285 3072 4350 festum

1270 4460 1287 4493 ¹
1316 4464 1698 4528 numqaum]
1731 4464 1874 4517 Wm.
1893 4465 2013 4527 Tyr.
2052 4480 2106 4526 p.
2228 4460 2251 4494 ²
2270 4462 2551 4522 Lotharius,
2573 4461 2595 4524 ]
2628 4461 2713 4510 the
2749 4461 2933 4511 second
2957 4477 2976 4519 ;
3009 4461 3078 4510 he

1197 4537 1313 4586 842.
2157 4534 2321 4596 began
2342 4533 2421 4583 his
2441 4532 2581 4595 reign
2600 4531 2654 4578 in
2669 4535 2814 4594 1125,
2833 4530 2932 4581 aud
2946 4530 3078 4580 died

2159 4605 2212 4652 in
2233 4603 2511 4653 December
2531 4604 2674 4651 1137.
