<?xml version="1.0" encoding="UTF-8"?>
<!DOCTYPE html PUBLIC "-//W3C//DTD XHTML 1.0 Transitional//EN"
    "http://www.w3.org/TR/xhtml1/DTD/xhtml1-transitional.dtd">
<html xmlns="http://www.w3.org/1999/xhtml" xml:lang="en" lang="en">
 <head>
  <title>
</title>
<meta http-equiv="Content-Type" content="text/html;charset=utf-8" />
  <meta name='ocr-system' content='tesseract 3.04.00' />
  <meta name='ocr-capabilities' content='ocr_page ocr_carea ocr_par ocr_line ocrx_word'/>
</head>
<body>
  <div class='ocr_page' id='page_1' title='image "./rogeridewendove00wendgoog_0130.png"; bbox 0 0 3457 5887; ppageno 0'>
   <div class='ocr_carea' id='block_1_1' title="bbox 1199 817 2568 883">
    <p class='ocr_par' dir='ltr' id='par_1_1' title="bbox 1199 817 2568 883">
     <span class='ocr_line' id='line_1_1' title="bbox 1199 817 2568 883; baseline -0.003 0"><span class='ocrx_word' id='word_1_1' title='bbox 1199 817 1330 883; x_wconf 79' lang='lat'><strong>126</strong></span> <span class='ocrx_word' id='word_1_2' title='bbox 1707 833 1974 883; x_wconf 68' lang='lat' dir='ltr'><strong>nocam</strong></span> <span class='ocrx_word' id='word_1_3' title='bbox 2022 833 2116 881; x_wconf 77' lang='lat' dir='ltr'><strong>ns</strong></span> <span class='ocrx_word' id='word_1_4' title='bbox 2143 832 2568 882; x_wconf 63' lang='lat' dir='ltr'><strong>rwmmovmz</strong></span> 
     </span>
    </p>
   </div>
   <div class='ocr_carea' id='block_1_2' title="bbox 881 990 3075 3875">
    <p class='ocr_par' dir='ltr' id='par_1_2' title="bbox 881 990 3064 1105">
     <span class='ocr_line' id='line_1_2' title="bbox 881 990 3064 1105; baseline -0 -49"><span class='ocrx_word' id='word_1_5' title='bbox 881 1004 1128 1105; x_wconf 41' lang='lat'><strong>{3235}</strong></span> <span class='ocrx_word' id='word_1_6' title='bbox 1204 991 1471 1056; x_wconf 88' lang='lat' dir='ltr'><strong>tiocbus</strong></span> <span class='ocrx_word' id='word_1_7' title='bbox 1519 991 1673 1069; x_wconf 86' lang='lat' dir='ltr'><strong>fuit,</strong></span> <span class='ocrx_word' id='word_1_8' title='bbox 1716 1011 1761 1056; x_wconf 90' lang='lat' dir='ltr'><strong>a</strong></span> <span class='ocrx_word' id='word_1_9' title='bbox 1799 1012 1937 1074; x_wconf 90' lang='lat' dir='ltr'><strong>quo</strong></span> <span class='ocrx_word' id='word_1_10' title='bbox 1980 999 2213 1056; x_wconf 84' lang='lat' dir='ltr'><strong>exstat</strong></span> <span class='ocrx_word' id='word_1_11' title='bbox 2231 990 2616 1056; x_wconf 15' lang='lat' dir='ltr'><strong>,Antiochia</strong></span> <span class='ocrx_word' id='word_1_12' title='bbox 2653 999 3064 1073; x_wconf 84' lang='lat' dir='ltr'><strong>nuncupata.</strong></span> 
     </span>
    </p>

    <p class='ocr_par' dir='ltr' id='par_1_3' title="bbox 882 1090 3075 3875">
     <span class='ocr_line' id='line_1_3' title="bbox 882 1090 3064 1175; baseline 0 -20"><span class='ocrx_word' id='word_1_13' title='bbox 882 1106 1181 1146; x_wconf 67' lang='lat' dir='ltr'><strong>thecna-1¹0·-</strong></span> <span class='ocrx_word' id='word_1_14' title='bbox 1207 1090 1634 1157; x_wconf 82' lang='lat' dir='ltr'><strong>obsederant</strong></span> <span class='ocrx_word' id='word_1_15' title='bbox 1688 1112 1841 1157; x_wconf 89' lang='lat' dir='ltr'><strong>eam</strong></span> <span class='ocrx_word' id='word_1_16' title='bbox 1905 1091 2277 1156; x_wconf 85' lang='lat' dir='ltr'>Christiani</span> <span class='ocrx_word' id='word_1_17' title='bbox 2328 1097 2699 1175; x_wconf 78' lang='lat' dir='ltr'><strong>antequam</strong></span> <span class='ocrx_word' id='word_1_18' title='bbox 2761 1110 3064 1174; x_wconf 89' lang='lat' dir='ltr'><strong>compre·</strong></span> 
     </span>
     <span class='ocr_line' id='line_1_4' title="bbox 1205 1190 3068 1274; baseline 0 -20"><span class='ocrx_word' id='word_1_19' title='bbox 1205 1191 1584 1255; x_wconf 87' lang='lat' dir='ltr'><strong>henderant</strong></span> <span class='ocrx_word' id='word_1_20' title='bbox 1624 1211 1747 1274; x_wconf 89' lang='lat' dir='ltr'><strong>per</strong></span> <span class='ocrx_word' id='word_1_21' title='bbox 1794 1199 1951 1257; x_wconf 91' lang='lat' dir='ltr'><strong>octo</strong></span> <span class='ocrx_word' id='word_1_22' title='bbox 1988 1211 2255 1255; x_wconf 89' lang='lat' dir='ltr'><strong>menses</strong></span> <span class='ocrx_word' id='word_1_23' title='bbox 2297 1199 2369 1256; x_wconf 88' lang='lat' dir='ltr'><strong>et</strong></span> <span class='ocrx_word' id='word_1_24' title='bbox 2407 1190 2588 1255; x_wconf 90' lang='lat' dir='ltr'><strong>diem</strong></span> <span class='ocrx_word' id='word_1_25' title='bbox 2632 1211 2886 1268; x_wconf 87' lang='lat' dir='ltr'><strong>unum;</strong></span> <span class='ocrx_word' id='word_1_26' title='bbox 2930 1210 3068 1274; x_wconf 90' lang='lat' dir='ltr'><strong>qua</strong></span> 
     </span>
     <span class='ocr_line' id='line_1_5' title="bbox 1206 1290 3066 1373; baseline 0.002 -19"><span class='ocrx_word' id='word_1_27' title='bbox 1206 1298 1435 1372; x_wconf 90' lang='lat' dir='ltr'><strong>capta,</strong></span> <span class='ocrx_word' id='word_1_28' title='bbox 1486 1290 1902 1356; x_wconf 87' lang='lat' dir='ltr'><strong>obsederunt</strong></span> <span class='ocrx_word' id='word_1_29' title='bbox 1943 1310 2095 1355; x_wconf 88' lang='lat' dir='ltr'><strong>eam</strong></span> <span class='ocrx_word' id='word_1_30' title='bbox 2134 1291 2377 1355; x_wconf 86' lang='lat' dir='ltr'><strong>iterum</strong></span> <span class='ocrx_word' id='word_1_31' title='bbox 2424 1291 2717 1373; x_wconf 85' lang='lat' dir='ltr'><strong>gentiles</strong></span> <span class='ocrx_word' id='word_1_32' title='bbox 2766 1310 2887 1373; x_wconf 90' lang='lat' dir='ltr'><strong>per</strong></span> <span class='ocrx_word' id='word_1_33' title='bbox 2927 1299 3066 1357; x_wconf 83' lang='lat' dir='ltr'><strong>tres</strong></span> 
     </span>
     <span class='ocr_line' id='line_1_6' title="bbox 1206 1390 3066 1473; baseline 0.001 -20"><span class='ocrx_word' id='word_1_34' title='bbox 1206 1391 1625 1472; x_wconf 88' lang='lat' dir='ltr'><strong>septimanas</strong></span> <span class='ocrx_word' id='word_1_35' title='bbox 1674 1392 2067 1473; x_wconf 90' lang='lat' dir='ltr'><strong>priusquam</strong></span> <span class='ocrx_word' id='word_1_36' title='bbox 2102 1392 2373 1455; x_wconf 80' lang='lat' dir='ltr'><strong>exirent</strong></span> <span class='ocrx_word' id='word_1_37' title='bbox 2400 1410 2492 1454; x_wconf 81' lang='lat' dir='ltr'><strong>ex</strong></span> <span class='ocrx_word' id='word_1_38' title='bbox 2516 1410 2601 1454; x_wconf 89' lang='lat' dir='ltr'><strong>ea</strong></span> <span class='ocrx_word' id='word_1_39' title='bbox 2628 1390 2717 1454; x_wconf 88' lang='lat' dir='ltr'><strong>ad</strong></span> <span class='ocrx_word' id='word_1_40' title='bbox 2761 1390 3066 1472; x_wconf 83' lang='lat' dir='ltr'><strong>praelium</strong></span> 
     </span>
     <span class='ocr_line' id='line_1_7' title="bbox 1208 1489 3066 1573; baseline 0.001 -20"><span class='ocrx_word' id='word_1_41' title='bbox 1208 1489 1603 1554; x_wconf 82' lang='lat' dir='ltr'><strong>Christiani.</strong></span> <span class='ocrx_word' id='word_1_42' title='bbox 1706 1490 2220 1572; x_wconf 86' lang='lat' dir='ltr'><strong>Requieverunt</strong></span> <span class='ocrx_word' id='word_1_43' title='bbox 2244 1491 2456 1573; x_wconf 85' lang='lat' dir='ltr'><strong>igitur</strong></span> <span class='ocrx_word' id='word_1_44' title='bbox 2482 1491 2554 1554; x_wconf 94' lang='lat' dir='ltr'><strong>in</strong></span> <span class='ocrx_word' id='word_1_45' title='bbox 2579 1490 2704 1555; x_wconf 93' lang='lat' dir='ltr'><strong>illa</strong></span> <span class='ocrx_word' id='word_1_46' title='bbox 2726 1491 3066 1555; x_wconf 89' lang='lat' dir='ltr'><strong>mensibus</strong></span> 
     </span>
     <span class='ocr_line' id='line_1_8' title="bbox 1206 1590 3069 1672; baseline 0.001 -19"><span class='ocrx_word' id='word_1_47' title='bbox 1206 1590 1508 1672; x_wconf 90' lang='lat' dir='ltr'><strong>quinque</strong></span> <span class='ocrx_word' id='word_1_48' title='bbox 1549 1597 1619 1653; x_wconf 92' lang='lat' dir='ltr'><strong>et</strong></span> <span class='ocrx_word' id='word_1_49' title='bbox 1661 1609 1905 1655; x_wconf 79' lang='lat' dir='ltr'><strong>novem</strong></span> <span class='ocrx_word' id='word_1_50' title='bbox 1948 1590 2227 1668; x_wconf 86' lang='lat' dir='ltr'><strong>diebus;</strong></span> <span class='ocrx_word' id='word_1_51' title='bbox 2275 1609 2411 1672; x_wconf 89' lang='lat' dir='ltr'><strong>quo</strong></span> <span class='ocrx_word' id='word_1_52' title='bbox 2443 1597 2750 1672; x_wconf 86' lang='lat' dir='ltr'><strong>tempore</strong></span> <span class='ocrx_word' id='word_1_53' title='bbox 2784 1610 2875 1654; x_wconf 81' lang='lat' dir='ltr'><strong>ex</strong></span> <span class='ocrx_word' id='word_1_54' title='bbox 2913 1609 3069 1654; x_wconf 74' lang='lat' dir='ltr'><strong>cau-</strong></span> 
     </span>
     <span class='ocr_line' id='line_1_9' title="bbox 1204 1688 3064 1772; baseline 0.002 -20"><span class='ocrx_word' id='word_1_55' title='bbox 1204 1688 1302 1752; x_wconf 87' lang='lat' dir='ltr'><strong>sis</strong></span> <span class='ocrx_word' id='word_1_56' title='bbox 1339 1690 1624 1754; x_wconf 86' lang='lat' dir='ltr'><strong>occultis</strong></span> <span class='ocrx_word' id='word_1_57' title='bbox 1675 1697 1876 1754; x_wconf 88' lang='lat' dir='ltr'><strong>tanta</strong></span> <span class='ocrx_word' id='word_1_58' title='bbox 1922 1690 2153 1754; x_wconf 83' lang='lat' dir='ltr'><strong>clades</strong></span> <span class='ocrx_word' id='word_1_59' title='bbox 2196 1690 2523 1772; x_wconf 90' lang='lat' dir='ltr'><strong>populum</strong></span> <span class='ocrx_word' id='word_1_60' title='bbox 2571 1689 2850 1766; x_wconf 79' lang='lat' dir='ltr'><strong>afflixit,</strong></span> <span class='ocrx_word' id='word_1_61' title='bbox 2890 1690 3064 1771; x_wconf 87' lang='lat' dir='ltr'><strong>quod</strong></span> 
     </span>
     <span class='ocr_line' id='line_1_10' title="bbox 1204 1788 3067 1872; baseline 0.001 -20"><span class='ocrx_word' id='word_1_62' title='bbox 1204 1788 1388 1852; x_wconf 86' lang='lat' dir='ltr'><strong>intra</strong></span> <span class='ocrx_word' id='word_1_63' title='bbox 1426 1789 1574 1854; x_wconf 91' lang='lat' dir='ltr'><strong>dies</strong></span> <span class='ocrx_word' id='word_1_64' title='bbox 1618 1808 1876 1872; x_wconf 90' lang='lat' dir='ltr'><strong>paucos</strong></span> <span class='ocrx_word' id='word_1_65' title='bbox 1916 1790 2005 1854; x_wconf 90' lang='lat' dir='ltr'><strong>ad</strong></span> <span class='ocrx_word' id='word_1_66' title='bbox 2052 1790 2551 1872; x_wconf 84' lang='lat' dir='ltr'><strong>quinquaginta</strong></span> <span class='ocrx_word' id='word_1_67' title='bbox 2592 1789 2811 1853; x_wconf 87' lang='lat' dir='ltr'><strong>millia</strong></span> <span class='ocrx_word' id='word_1_68' title='bbox 2858 1788 3067 1853; x_wconf 86' lang='lat' dir='ltr'><strong>homi-</strong></span> 
     </span>
     <span class='ocr_line' id='line_1_11' title="bbox 1206 1889 3067 1972; baseline 0.002 -21"><span class='ocrx_word' id='word_1_69' title='bbox 1206 1908 1367 1952; x_wconf 90' lang='lat' dir='ltr'><strong>num</strong></span> <span class='ocrx_word' id='word_1_70' title='bbox 1422 1890 1778 1972; x_wconf 87' lang='lat' dir='ltr'><strong>utriusque</strong></span> <span class='ocrx_word' id='word_1_71' title='bbox 1821 1909 2033 1953; x_wconf 83' lang='lat' dir='ltr'><strong>sexus</strong></span> <span class='ocrx_word' id='word_1_72' title='bbox 2076 1890 2501 1972; x_wconf 80' lang='lat' dir='ltr'><strong>deperirent3</strong></span> <span class='ocrx_word' id='word_1_73' title='bbox 2562 1889 2743 1953; x_wconf 89' lang='lat' dir='ltr'><strong>inter</strong></span> <span class='ocrx_word' id='word_1_74' title='bbox 2785 1908 2959 1970; x_wconf 90' lang='lat' dir='ltr'><strong>quos</strong></span> <span class='ocrx_word' id='word_1_75' title='bbox 3001 1899 3067 1954; x_wconf 85' lang='lat' dir='ltr'><strong>et</strong></span> 
     </span>
     <span class='ocr_line' id='line_1_12' title="bbox 1203 1987 3065 2071; baseline 0.001 -19"><span class='ocrx_word' id='word_1_76' title='bbox 1203 1988 1518 2052; x_wconf 89' lang='lat' dir='ltr'><strong>dominus</strong></span> <span class='ocrx_word' id='word_1_77' title='bbox 1559 1987 1904 2067; x_wconf 89' lang='lat' dir='ltr'><strong>Aimerus,</strong></span> <span class='ocrx_word' id='word_1_78' title='bbox 1955 1989 2315 2054; x_wconf 88' lang='lat' dir='ltr'><strong>Podiensis</strong></span> <span class='ocrx_word' id='word_1_79' title='bbox 2353 1989 2665 2066; x_wconf 77' lang='lat' dir='ltr'><strong>antisteS,</strong></span> <span class='ocrx_word' id='word_1_80' title='bbox 2710 1990 2835 2070; x_wconf 86' lang='lat' dir='ltr'><strong>qui</strong></span> <span class='ocrx_word' id='word_1_81' title='bbox 2878 1992 3065 2071; x_wconf 87' lang='lat' dir='ltr'><strong>quasi</strong></span> 
     </span>
     <span class='ocr_line' id='line_1_13' title="bbox 1205 2088 3063 2172; baseline 0.001 -20"><span class='ocrx_word' id='word_1_82' title='bbox 1205 2096 1401 2172; x_wconf 89' lang='lat' dir='ltr'><strong>pater</strong></span> <span class='ocrx_word' id='word_1_83' title='bbox 1456 2089 1673 2170; x_wconf 90' lang='lat' dir='ltr'><strong>plebis</strong></span> <span class='ocrx_word' id='word_1_84' title='bbox 1728 2096 1878 2153; x_wconf 92' lang='lat' dir='ltr'><strong>erat</strong></span> <span class='ocrx_word' id='word_1_85' title='bbox 1920 2096 1991 2154; x_wconf 92' lang='lat' dir='ltr'><strong>et</strong></span> <span class='ocrx_word' id='word_1_86' title='bbox 2047 2088 2457 2166; x_wconf 84' lang='lat' dir='ltr'><strong>moderator,</strong></span> <span class='ocrx_word' id='word_1_87' title='bbox 2506 2088 2872 2152; x_wconf 85' lang='lat' dir='ltr'><strong>defunctus</strong></span> <span class='ocrx_word' id='word_1_88' title='bbox 2919 2108 3063 2153; x_wconf 88' lang='lat' dir='ltr'><strong>cum</strong></span> 
     </span>
     <span class='ocr_line' id='line_1_14' title="bbox 1205 2188 3067 2271; baseline 0.002 -21"><span class='ocrx_word' id='word_1_89' title='bbox 1205 2188 1571 2270; x_wconf 79' lang='lat' dir='ltr'><strong>lachrymis</strong></span> <span class='ocrx_word' id='word_1_90' title='bbox 1614 2190 1915 2253; x_wconf 89' lang='lat' dir='ltr'><strong>omnium</strong></span> <span class='ocrx_word' id='word_1_91' title='bbox 1966 2190 2037 2252; x_wconf 90' lang='lat' dir='ltr'><strong>iu</strong></span> <span class='ocrx_word' id='word_1_92' title='bbox 2082 2188 2367 2253; x_wconf 90' lang='lat' dir='ltr'><strong>basilica</strong></span> <span class='ocrx_word' id='word_1_93' title='bbox 2419 2188 2744 2271; x_wconf 89' lang='lat' dir='ltr'><strong>principis</strong></span> <span class='ocrx_word' id='word_1_94' title='bbox 2798 2196 3067 2270; x_wconf 87' lang='lat' dir='ltr'><strong>aposto·</strong></span> 
     </span>
     <span class='ocr_line' id='line_1_15' title="bbox 1206 2287 3067 2371; baseline 0.001 -21"><span class='ocrx_word' id='word_1_95' title='bbox 1206 2287 1449 2364; x_wconf 84' lang='lat' dir='ltr'><strong>lorum,</strong></span> <span class='ocrx_word' id='word_1_96' title='bbox 1483 2288 1555 2350; x_wconf 89' lang='lat' dir='ltr'><strong>in</strong></span> <span class='ocrx_word' id='word_1_97' title='bbox 1591 2287 1768 2365; x_wconf 92' lang='lat' dir='ltr'><strong>loco,</strong></span> <span class='ocrx_word' id='word_1_98' title='bbox 1811 2307 1948 2371; x_wconf 90' lang='lat' dir='ltr'><strong>quo</strong></span> <span class='ocrx_word' id='word_1_99' title='bbox 1988 2289 2271 2353; x_wconf 80' lang='lat' dir='ltr'><strong>inventa</strong></span> <span class='ocrx_word' id='word_1_100' title='bbox 2307 2289 2532 2353; x_wconf 83' lang='lat' dir='ltr'><strong>fuerat</strong></span> <span class='ocrx_word' id='word_1_101' title='bbox 2560 2288 2805 2351; x_wconf 81' lang='lat' dir='ltr'><strong>lancea</strong></span> <span class='ocrx_word' id='word_1_102' title='bbox 2836 2288 3067 2353; x_wconf 84' lang='lat' dir='ltr'><strong>Salva-</strong></span> 
     </span>
     <span class='ocr_line' id='line_1_16' title="bbox 1206 2386 3066 2470; baseline -0.001 -19"><span class='ocrx_word' id='word_1_103' title='bbox 1206 2386 1400 2464; x_wconf 89' lang='lat' dir='ltr'><strong>toris,</strong></span> <span class='ocrx_word' id='word_1_104' title='bbox 1433 2387 1782 2470; x_wconf 82' lang='lat' dir='ltr'><strong>sepelitur.</strong></span> <span class='ocrx_word' id='word_1_105' title='bbox 1885 2387 2297 2453; x_wconf 87' lang='lat' dir='ltr'><strong>Ceciderunt</strong></span> <span class='ocrx_word' id='word_1_106' title='bbox 2321 2389 2393 2452; x_wconf 89' lang='lat' dir='ltr'><strong>in</strong></span> <span class='ocrx_word' id='word_1_107' title='bbox 2423 2388 2608 2452; x_wconf 91' lang='lat' dir='ltr'><strong>illius</strong></span> <span class='ocrx_word' id='word_1_108' title='bbox 2639 2387 2860 2451; x_wconf 90' lang='lat' dir='ltr'><strong>cladis</strong></span> <span class='ocrx_word' id='word_1_109' title='bbox 2886 2407 3066 2452; x_wconf 88' lang='lat' dir='ltr'><strong>acer-</strong></span> 
     </span>
     <span class='ocr_line' id='line_1_17' title="bbox 1204 2485 3066 2569; baseline 0.001 -20"><span class='ocrx_word' id='word_1_110' title='bbox 1204 2487 1421 2550; x_wconf 90' lang='lat' dir='ltr'><strong>bitate</strong></span> <span class='ocrx_word' id='word_1_111' title='bbox 1449 2486 1795 2551; x_wconf 88' lang='lat' dir='ltr'><strong>Henricus</strong></span> <span class='ocrx_word' id='word_1_112' title='bbox 1821 2488 1906 2552; x_wconf 92' lang='lat' dir='ltr'><strong>de</strong></span> <span class='ocrx_word' id='word_1_113' title='bbox 1936 2487 2194 2565; x_wconf 89' lang='lat' dir='ltr'><strong>Ascha,</strong></span> <span class='ocrx_word' id='word_1_114' title='bbox 2227 2488 2655 2569; x_wconf 88' lang='lat' dir='ltr'><strong>Reginaldus</strong></span> <span class='ocrx_word' id='word_1_115' title='bbox 2679 2486 2765 2551; x_wconf 93' lang='lat' dir='ltr'><strong>de</strong></span> <span class='ocrx_word' id='word_1_116' title='bbox 2788 2485 3066 2551; x_wconf 84' lang='lat' dir='ltr'><strong>Armes·</strong></span> 
     </span>
     <span class='ocr_line' id='line_1_18' title="bbox 1204 2586 3063 2670; baseline 0.001 -21"><span class='ocrx_word' id='word_1_117' title='bbox 1204 2586 1405 2664; x_wconf 85' lang='lat' dir='ltr'><strong>bach,</strong></span> <span class='ocrx_word' id='word_1_118' title='bbox 1441 2587 1572 2651; x_wconf 81' lang='lat' dir='ltr'><strong>viri</strong></span> <span class='ocrx_word' id='word_1_119' title='bbox 1605 2589 1874 2669; x_wconf 83' lang='lat' dir='ltr'><strong>generis</strong></span> <span class='ocrx_word' id='word_1_120' title='bbox 1907 2588 2263 2652; x_wconf 88' lang='lat' dir='ltr'><strong>nobilitate</strong></span> <span class='ocrx_word' id='word_1_121' title='bbox 2297 2587 2643 2670; x_wconf 80' lang='lat' dir='ltr'><strong>praeclari3</strong></span> <span class='ocrx_word' id='word_1_122' title='bbox 2673 2586 2845 2650; x_wconf 90' lang='lat' dir='ltr'><strong>unde</strong></span> <span class='ocrx_word' id='word_1_123' title='bbox 2877 2588 3063 2669; x_wconf 90' lang='lat' dir='ltr'><strong>prin-</strong></span> 
     </span>
     <span class='ocr_line' id='line_1_19' title="bbox 1204 2686 3065 2768; baseline 0.001 -19"><span class='ocrx_word' id='word_1_124' title='bbox 1204 2686 1392 2768; x_wconf 86' lang='lat' dir='ltr'><strong>cipes</strong></span> <span class='ocrx_word' id='word_1_125' title='bbox 1422 2688 1678 2763; x_wconf 82' lang='lat' dir='ltr'><strong>caeteri,</strong></span> <span class='ocrx_word' id='word_1_126' title='bbox 1707 2695 1788 2751; x_wconf 93' lang='lat' dir='ltr'><strong>ut</strong></span> <span class='ocrx_word' id='word_1_127' title='bbox 1825 2688 2145 2752; x_wconf 87' lang='lat' dir='ltr'><strong>instantis</strong></span> <span class='ocrx_word' id='word_1_128' title='bbox 2176 2687 2390 2751; x_wconf 89' lang='lat' dir='ltr'><strong>cladis</strong></span> <span class='ocrx_word' id='word_1_129' title='bbox 2428 2687 2847 2752; x_wconf 86' lang='lat' dir='ltr'><strong>declinarent</strong></span> <span class='ocrx_word' id='word_1_130' title='bbox 2885 2687 3065 2768; x_wconf 87' lang='lat' dir='ltr'><strong>peri·</strong></span> 
     </span>
     <span class='ocr_line' id='line_1_20' title="bbox 1205 2786 3067 2863; baseline 0.001 -14"><span class='ocrx_word' id='word_1_131' title='bbox 1205 2786 1459 2863; x_wconf 89' lang='lat' dir='ltr'><strong>culum,</strong></span> <span class='ocrx_word' id='word_1_132' title='bbox 1498 2787 1588 2850; x_wconf 90' lang='lat' dir='ltr'><strong>ab</strong></span> <span class='ocrx_word' id='word_1_133' title='bbox 1631 2786 1921 2851; x_wconf 84' lang='lat' dir='ltr'><strong>invicem</strong></span> <span class='ocrx_word' id='word_1_134' title='bbox 1967 2806 2052 2851; x_wconf 91' lang='lat' dir='ltr'><strong>ea</strong></span> <span class='ocrx_word' id='word_1_135' title='bbox 2096 2787 2486 2852; x_wconf 90' lang='lat' dir='ltr'><strong>conditione</strong></span> <span class='ocrx_word' id='word_1_136' title='bbox 2532 2786 2733 2852; x_wconf 89' lang='lat' dir='ltr'><strong>divisi</strong></span> <span class='ocrx_word' id='word_1_137' title='bbox 2775 2795 2959 2862; x_wconf 90' lang='lat' dir='ltr'><strong>sunt,</strong></span> <span class='ocrx_word' id='word_1_138' title='bbox 2989 2794 3067 2851; x_wconf 89' lang='lat' dir='ltr'><strong>ut</strong></span> 
     </span>
     <span class='ocr_line' id='line_1_21' title="bbox 1205 2885 3067 2965; baseline 0.001 -15"><span class='ocrx_word' id='word_1_139' title='bbox 1205 2886 1279 2950; x_wconf 92' lang='lat' dir='ltr'><strong>in</strong></span> <span class='ocrx_word' id='word_1_140' title='bbox 1312 2885 1625 2951; x_wconf 85' lang='lat' dir='ltr'><strong>kalendis</strong></span> <span class='ocrx_word' id='word_1_141' title='bbox 1660 2885 1979 2952; x_wconf 87' lang='lat' dir='ltr'><strong>Octobris</strong></span> <span class='ocrx_word' id='word_1_142' title='bbox 2019 2887 2265 2953; x_wconf 88' lang='lat' dir='ltr'><strong>iterum</strong></span> <span class='ocrx_word' id='word_1_143' title='bbox 2311 2888 2816 2965; x_wconf 88' lang='lat' dir='ltr'><strong>convenientes,</strong></span> <span class='ocrx_word' id='word_1_144' title='bbox 2856 2887 3067 2952; x_wconf 86' lang='lat' dir='ltr'><strong>homi-</strong></span> 
     </span>
     <span class='ocr_line' id='line_1_22' title="bbox 1206 2987 3066 3071; baseline 0.001 -21"><span class='ocrx_word' id='word_1_145' title='bbox 1206 2987 1407 3051; x_wconf 90' lang='lat' dir='ltr'><strong>nibus</strong></span> <span class='ocrx_word' id='word_1_146' title='bbox 1455 2988 1776 3052; x_wconf 87' lang='lat' dir='ltr'><strong>recreatis</strong></span> <span class='ocrx_word' id='word_1_147' title='bbox 1826 2994 1897 3052; x_wconf 91' lang='lat' dir='ltr'><strong>et</strong></span> <span class='ocrx_word' id='word_1_148' title='bbox 1952 2988 2172 3070; x_wconf 89' lang='lat' dir='ltr'><strong>equis,</strong></span> <span class='ocrx_word' id='word_1_149' title='bbox 2221 2995 2457 3052; x_wconf 80' lang='lat' dir='ltr'><strong>votum</strong></span> <span class='ocrx_word' id='word_1_150' title='bbox 2502 2987 3066 3071; x_wconf 81' lang='lat' dir='ltr'><strong>peregrinationis</strong></span> 
     </span>
     <span class='ocr_line' id='line_1_23' title="bbox 1205 3087 3070 3170; baseline 0.001 -20"><span class='ocrx_word' id='word_1_151' title='bbox 1205 3087 1654 3152; x_wconf 87' lang='lat' dir='ltr'><strong>communiter</strong></span> <span class='ocrx_word' id='word_1_152' title='bbox 1716 3087 2137 3170; x_wconf 83' lang='lat' dir='ltr'><strong>expedirent.</strong></span> <span class='ocrx_word' id='word_1_153' title='bbox 2273 3087 2551 3152; x_wconf 89' lang='lat' dir='ltr'><strong>Interea</strong></span> <span class='ocrx_word' id='word_1_154' title='bbox 2619 3087 3070 3167; x_wconf 73' lang='lat' dir='ltr'><strong>ReimunduS,</strong></span> 
     </span>
     <span class='ocr_line' id='line_1_24' title="bbox 1206 3185 3067 3271; baseline 0.001 -21"><span class='ocrx_word' id='word_1_155' title='bbox 1206 3194 1658 3268; x_wconf 82' lang='lat' dir='ltr'><strong>cognomento</strong></span> <span class='ocrx_word' id='word_1_156' title='bbox 1693 3185 1983 3264; x_wconf 90' lang='lat' dir='ltr'><strong>Piletus‚</strong></span> <span class='ocrx_word' id='word_1_157' title='bbox 2015 3207 2170 3251; x_wconf 91' lang='lat' dir='ltr'><strong>cum</strong></span> <span class='ocrx_word' id='word_1_158' title='bbox 2198 3188 2342 3251; x_wconf 89' lang='lat' dir='ltr'><strong>suis</strong></span> <span class='ocrx_word' id='word_1_159' title='bbox 2385 3188 2772 3269; x_wconf 84' lang='lat' dir='ltr'><strong>legionibus</strong></span> <span class='ocrx_word' id='word_1_160' title='bbox 2805 3190 3067 3271; x_wconf 86' lang='lat' dir='ltr'><strong>equita·</strong></span> 
     </span>
     <span class='ocr_line' id='line_1_25' title="bbox 1207 3286 3070 3371; baseline 0.001 -21"><span class='ocrx_word' id='word_1_161' title='bbox 1207 3286 1461 3350; x_wconf 91' lang='lat' dir='ltr'><strong>tionem</strong></span> <span class='ocrx_word' id='word_1_162' title='bbox 1505 3287 1786 3365; x_wconf 83' lang='lat' dir='ltr'><strong>faciens,</strong></span> <span class='ocrx_word' id='word_1_163' title='bbox 1830 3288 2011 3371; x_wconf 87' lang='lat' dir='ltr'><strong>cepit</strong></span> <span class='ocrx_word' id='word_1_164' title='bbox 2046 3294 2368 3365; x_wconf 85' lang='lat' dir='ltr'><strong>castrum,</strong></span> <span class='ocrx_word' id='word_1_165' title='bbox 2401 3288 2582 3369; x_wconf 90' lang='lat' dir='ltr'><strong>quod</strong></span> <span class='ocrx_word' id='word_1_166' title='bbox 2615 3286 3070 3352; x_wconf 81' lang='lat' dir='ltr'><strong>Thalamania</strong></span> 
     </span>
     <span class='ocr_line' id='line_1_26' title="bbox 1208 3387 3068 3465; baseline 0.002 -17"><span class='ocrx_word' id='word_1_167' title='bbox 1208 3392 1314 3448; x_wconf 89' lang='lat' dir='ltr'><strong>est</strong></span> <span class='ocrx_word' id='word_1_168' title='bbox 1357 3394 1724 3465; x_wconf 79' lang='lat' dir='ltr'><strong>vocatum3</strong></span> <span class='ocrx_word' id='word_1_169' title='bbox 1787 3387 1947 3451; x_wconf 89' lang='lat' dir='ltr'><strong>inde</strong></span> <span class='ocrx_word' id='word_1_170' title='bbox 1994 3388 2300 3452; x_wconf 89' lang='lat' dir='ltr'><strong>Marram</strong></span> <span class='ocrx_word' id='word_1_171' title='bbox 2342 3388 2645 3464; x_wconf 80' lang='lat' dir='ltr'><strong>veniens,</strong></span> <span class='ocrx_word' id='word_1_172' title='bbox 2694 3388 2787 3452; x_wconf 90' lang='lat' dir='ltr'><strong>ad</strong></span> <span class='ocrx_word' id='word_1_173' title='bbox 2835 3390 3068 3453; x_wconf 88' lang='lat' dir='ltr'><strong>urbem</strong></span> 
     </span>
     <span class='ocr_line' id='line_1_27' title="bbox 1206 3482 3072 3570; baseline 0.003 -24"><span class='ocrx_word' id='word_1_174' title='bbox 1206 3482 1565 3547; x_wconf 89' lang='lat' dir='ltr'><strong>Saracenis</strong></span> <span class='ocrx_word' id='word_1_175' title='bbox 1609 3485 1962 3566; x_wconf 89' lang='lat' dir='ltr'><strong>repletam,</strong></span> <span class='ocrx_word' id='word_1_176' title='bbox 2022 3487 2360 3569; x_wconf 86' lang='lat' dir='ltr'><strong>pugnavit</strong></span> <span class='ocrx_word' id='word_1_177' title='bbox 2412 3494 2652 3552; x_wconf 89' lang='lat' dir='ltr'><strong>contra</strong></span> <span class='ocrx_word' id='word_1_178' title='bbox 2695 3488 2910 3564; x_wconf 84' lang='lat' dir='ltr'><strong>cives,</strong></span> <span class='ocrx_word' id='word_1_179' title='bbox 2952 3488 3072 3570; x_wconf 91' lang='lat' dir='ltr'><strong>qui</strong></span> 
     </span>
     <span class='ocr_line' id='line_1_28' title="bbox 1206 3582 3073 3671; baseline 0.004 -26"><span class='ocrx_word' id='word_1_180' title='bbox 1206 3582 1478 3646; x_wconf 86' lang='lat' dir='ltr'><strong>obviam</strong></span> <span class='ocrx_word' id='word_1_181' title='bbox 1531 3584 1593 3646; x_wconf 91' lang='lat' dir='ltr'><strong>ei</strong></span> <span class='ocrx_word' id='word_1_182' title='bbox 1655 3603 1812 3648; x_wconf 91' lang='lat' dir='ltr'><strong>cum</strong></span> <span class='ocrx_word' id='word_1_183' title='bbox 1873 3586 2133 3667; x_wconf 88' lang='lat' dir='ltr'><strong>impetu</strong></span> <span class='ocrx_word' id='word_1_184' title='bbox 2196 3587 2531 3664; x_wconf 83' lang='lat' dir='ltr'><strong>exierunt,</strong></span> <span class='ocrx_word' id='word_1_185' title='bbox 2593 3588 2713 3670; x_wconf 91' lang='lat' dir='ltr'><strong>qui</strong></span> <span class='ocrx_word' id='word_1_186' title='bbox 2763 3588 2988 3671; x_wconf 91' lang='lat' dir='ltr'><strong>primo</strong></span> <span class='ocrx_word' id='word_1_187' title='bbox 3032 3606 3073 3651; x_wconf 81' lang='lat' dir='ltr'><strong>a</strong></span> 
     </span>
     <span class='ocr_line' id='line_1_29' title="bbox 1204 3683 3075 3769; baseline 0.003 -24"><span class='ocrx_word' id='word_1_188' title='bbox 1204 3683 1457 3746; x_wconf 88' lang='lat' dir='ltr'><strong>nostris</strong></span> <span class='ocrx_word' id='word_1_189' title='bbox 1504 3683 1576 3746; x_wconf 91' lang='lat' dir='ltr'><strong>in</strong></span> <span class='ocrx_word' id='word_1_190' title='bbox 1617 3683 1850 3765; x_wconf 85' lang='lat' dir='ltr'><strong>fugam</strong></span> <span class='ocrx_word' id='word_1_191' title='bbox 1899 3686 2231 3769; x_wconf 90' lang='lat' dir='ltr'><strong>compulsi</strong></span> <span class='ocrx_word' id='word_1_192' title='bbox 2276 3687 2348 3750; x_wconf 93' lang='lat' dir='ltr'><strong>in</strong></span> <span class='ocrx_word' id='word_1_193' title='bbox 2388 3686 2589 3751; x_wconf 87' lang='lat' dir='ltr'><strong>finem</strong></span> <span class='ocrx_word' id='word_1_194' title='bbox 2630 3688 2967 3765; x_wconf 80' lang='lat' dir='ltr'><strong>vicerunt,</strong></span> <span class='ocrx_word' id='word_1_195' title='bbox 3006 3695 3075 3751; x_wconf 89' lang='lat' dir='ltr'><strong>et</strong></span> 
     </span>
     <span class='ocr_line' id='line_1_30' title="bbox 1202 3783 2701 3875; baseline 0.003 -30"><span class='ocrx_word' id='word_1_196' title='bbox 1202 3801 1524 3864; x_wconf 86' lang='lat' dir='ltr'><strong>magnam</strong></span> <span class='ocrx_word' id='word_1_197' title='bbox 1553 3802 1643 3875; x_wconf 54' lang='grc' dir='ltr'><strong>οξ</strong></span> <span class='ocrx_word' id='word_1_198' title='bbox 1675 3783 1989 3849; x_wconf 90' lang='lat' dir='ltr'><strong>fidelibus</strong></span> <span class='ocrx_word' id='word_1_199' title='bbox 2017 3794 2316 3868; x_wconf 87' lang='lat' dir='ltr'><strong>stragem</strong></span> <span class='ocrx_word' id='word_1_200' title='bbox 2353 3785 2701 3852; x_wconf 88' lang='lat' dir='ltr'><strong>dederunt.</strong></span> 
     </span>
    </p>
   </div>
   <div class='ocr_carea' id='block_1_3' title="bbox 1206 3955 3081 4124">
    <p class='ocr_par' dir='ltr' id='par_1_4' title="bbox 1206 3955 3081 4124">
     <span class='ocr_line' id='line_1_31' title="bbox 1206 3955 3081 4047; baseline 0.003 -25"><span class='ocrx_word' id='word_1_201' title='bbox 1206 3955 1485 4037; x_wconf 78' lang='lat' dir='ltr'><strong>Qualiter</strong></span> <span class='ocrx_word' id='word_1_202' title='bbox 1524 3958 1709 4045; x_wconf 72' lang='lat' dir='ltr'><strong>quo</strong></span> <span class='ocrx_word' id='word_1_203' title='bbox 1749 3979 2026 4045; x_wconf 71' lang='lat' dir='ltr'><strong>maynus,</strong></span> <span class='ocrx_word' id='word_1_204' title='bbox 2069 3960 2161 4023; x_wconf 82' lang='lat' dir='ltr'><strong>ad</strong></span> <span class='ocrx_word' id='word_1_205' title='bbox 2197 3960 2621 4047; x_wconf 76' lang='lat' dir='ltr'><strong>imperatorem</strong></span> <span class='ocrx_word' id='word_1_206' title='bbox 2669 3963 2909 4041; x_wconf 71' lang='lat' dir='ltr'><strong>missus,</strong></span> <span class='ocrx_word' id='word_1_207' title='bbox 2955 3984 3081 4027; x_wconf 68' lang='lat' dir='ltr'><strong>nos</strong></span> 
     </span>
     <span class='ocr_line' id='line_1_32' title="bbox 1932 4068 2333 4124; baseline 0.002 -1"><span class='ocrx_word' id='word_1_208' title='bbox 1932 4068 2015 4123; x_wconf 77' lang='lat' dir='ltr'><strong>est</strong></span> <span class='ocrx_word' id='word_1_209' title='bbox 2045 4080 2333 4124; x_wconf 74' lang='lat' dir='ltr'><strong>reversus.</strong></span> 
     </span>
    </p>
   </div>
   <div class='ocr_carea' id='block_1_4' title="bbox 1200 4180 3078 4365">
    <p class='ocr_par' dir='ltr' id='par_1_5' title="bbox 1200 4180 3078 4365">
     <span class='ocr_line' id='line_1_33' title="bbox 1301 4180 3078 4269; baseline 0.002 -24"><span class='ocrx_word' id='word_1_210' title='bbox 1301 4180 1475 4245; x_wconf 88' lang='lat' dir='ltr'><strong>Cum</strong></span> <span class='ocrx_word' id='word_1_211' title='bbox 1517 4181 1665 4247; x_wconf 84' lang='lat' dir='ltr'><strong>baec</strong></span> <span class='ocrx_word' id='word_1_212' title='bbox 1701 4183 1950 4248; x_wconf 88' lang='lat' dir='ltr'><strong>ibidem</strong></span> <span class='ocrx_word' id='word_1_213' title='bbox 1991 4194 2383 4265; x_wconf 85' lang='lat' dir='ltr'><strong>agerentur,</strong></span> <span class='ocrx_word' id='word_1_214' title='bbox 2413 4180 2662 4268; x_wconf 85' lang='lat' dir='ltr'><strong>¹Hugo</strong></span> <span class='ocrx_word' id='word_1_215' title='bbox 2703 4205 2999 4269; x_wconf 86' lang='lat' dir='ltr'><strong>magnus</strong></span> <span class='ocrx_word' id='word_1_216' title='bbox 3035 4206 3078 4249; x_wconf 92' lang='lat' dir='ltr'><strong>a</strong></span> 
     </span>
     <span class='ocr_line' id='line_1_34' title="bbox 1200 4281 3076 4365; baseline 0.003 -22"><span class='ocrx_word' id='word_1_217' title='bbox 1200 4281 1621 4364; x_wconf 90' lang='lat' dir='ltr'><strong>principibus</strong></span> <span class='ocrx_word' id='word_1_218' title='bbox 1702 4283 1787 4346; x_wconf 91' lang='lat' dir='ltr'><strong>ad</strong></span> <span class='ocrx_word' id='word_1_219' title='bbox 1856 4284 2331 4365; x_wconf 88' lang='lat' dir='ltr'><strong>imperatorem</strong></span> <span class='ocrx_word' id='word_1_220' title='bbox 2401 4284 2728 4350; x_wconf 85' lang='lat' dir='ltr'><strong>Alexium</strong></span> <span class='ocrx_word' id='word_1_221' title='bbox 2799 4287 3076 4362; x_wconf 89' lang='lat' dir='ltr'><strong>missus,</strong></span> 
     </span>
    </p>
   </div>
   <div class='ocr_carea' id='block_1_5' title="bbox 1195 4469 3084 4675">
    <p class='ocr_par' dir='ltr' id='par_1_6' title="bbox 1195 4469 3084 4675">
     <span class='ocr_line' id='line_1_35' title="bbox 1242 4469 3084 4538; baseline 0.005 -17"><span class='ocrx_word' id='word_1_222' title='bbox 1242 4469 1415 4535; x_wconf 68' lang='lat' dir='ltr'><strong>&#39;Hugo</strong></span> <span class='ocrx_word' id='word_1_223' title='bbox 1426 4474 1669 4538; x_wconf 56' lang='lat' dir='ltr'><strong>magnum]</strong></span> <span class='ocrx_word' id='word_1_224' title='bbox 1686 4475 2105 4538; x_wconf 77' lang='lat' dir='ltr'><strong>‘Hugomagnus,</strong></span> <span class='ocrx_word' id='word_1_225' title='bbox 2149 4476 2396 4527; x_wconf 78' lang='lat' dir='ltr'><strong>viscerum</strong></span> <span class='ocrx_word' id='word_1_226' title='bbox 2442 4480 2742 4529; x_wconf 63' lang='lat' dir='ltr'><strong>tortionem!</strong></span> <span class='ocrx_word' id='word_1_227' title='bbox 2841 4482 3084 4532; x_wconf 73' lang='lat' dir='ltr'><strong>Malmsb.</strong></span> 
     </span>
     <span class='ocr_line' id='line_1_36' title="bbox 1197 4543 2312 4611; baseline 0.004 -19"><span class='ocrx_word' id='word_1_228' title='bbox 1197 4557 1436 4593; x_wconf 79' lang='lat' dir='ltr'><strong>concessu</strong></span> <span class='ocrx_word' id='word_1_229' title='bbox 1459 4548 1516 4592; x_wconf 87' lang='lat' dir='ltr'><strong>ut</strong></span> <span class='ocrx_word' id='word_1_230' title='bbox 1541 4545 1683 4593; x_wconf 76' lang='lat' dir='ltr'><strong>aiunt</strong></span> <span class='ocrx_word' id='word_1_231' title='bbox 1707 4544 1932 4607; x_wconf 84' lang='lat' dir='ltr'><strong>heroum,</strong></span> <span class='ocrx_word' id='word_1_232' title='bbox 1949 4545 2103 4593; x_wconf 80' lang='lat' dir='ltr'><strong>Fran-</strong></span> <span class='ocrx_word' id='word_1_233' title='bbox 2150 4543 2177 4611; x_wconf 81' lang='lat'>§</span> <span class='ocrx_word' id='word_1_234' title='bbox 2201 4550 2312 4597; x_wconf 73' lang='lat'><strong>⁸6⁶.</strong></span> 
     </span>
     <span class='ocr_line' id='line_1_37' title="bbox 1195 4613 2102 4675; baseline 0.001 -14"><span class='ocrx_word' id='word_1_235' title='bbox 1195 4614 1325 4662; x_wconf 80' lang='lat' dir='ltr'><strong>ciam</strong></span> <span class='ocrx_word' id='word_1_236' title='bbox 1359 4613 1525 4675; x_wconf 79' lang='lat' dir='ltr'><strong>rediit,</strong></span> <span class='ocrx_word' id='word_1_237' title='bbox 1547 4619 1785 4662; x_wconf 78' lang='lat' dir='ltr'><strong>causatus</strong></span> <span class='ocrx_word' id='word_1_238' title='bbox 1818 4615 2102 4664; x_wconf 78' lang='lat' dir='ltr'><strong>continuam</strong></span> 
     </span>
    </p>
   </div>
   <div class='ocr_carea' id='block_1_6' title="bbox 3326 285 3332 940">
    <p class='ocr_par' dir='ltr' id='par_1_7' title="bbox 3326 285 3332 940">
     <span class='ocr_line' id='line_1_38' title="bbox 3326 285 3332 940; baseline 0 0"><span class='ocrx_word' id='word_1_239' title='bbox 3326 285 3332 940; x_wconf 95' lang='lat' dir='ltr'><strong> </strong></span> 
     </span>
    </p>
   </div>
  </div>
 </body>
</html>
