3457 5887
883 805 1159 854 nonus
1204 805 1734 856 msa-onnam«.
2153 793 2242 858 63

364 960 597 1026 Guido
644 961 731 1026 de
763 961 1165 1041 Garlandia,
1196 961 1496 1028 Thomas
1542 964 1628 1028 de
1670 963 1911 1047 Sprea‚
1940 963 2123 1029 Galo
2154 965 2237 1029 de
2262 986 2369 1028 an.
2391 988 2505 1029 ιω.

363 1060 874 1139 Calvo-monte,
897 1063 1285 1146 Stephanus
1316 1082 1542 1127 comes
1571 1064 1958 1142 Blesensis;
1991 1064 2061 1128 hi
2092 1084 2237 1128 om-

363 1180 485 1223 nes
518 1163 718 1243 quasi
761 1162 1105 1246 capitanei
1134 1169 1205 1226 et
1234 1163 1573 1245 principes
1611 1162 1906 1226 militum
1951 1169 2235 1227 caetero-

364 1280 650 1343 rumque
695 1260 1017 1338 fidelium,
1071 1269 1551 1344 exspectantes
1599 1268 1867 1344 tempus
1910 1269 2237 1344 opportu-

362 1378 550 1435 num,
585 1379 737 1425 cum
776 1361 1166 1443 ingentibus
1210 1367 1624 1424 armatorum
1665 1361 1881 1443 copiis
1925 1360 2012 1423 ad
2059 1361 2235 1424 mili-

365 1457 536 1521 tiam
583 1459 1046 1524 Christianam
1099 1460 1469 1543 praeparati
1520 1467 1740 1536 erant,
1782 1468 1854 1524 et
1901 1479 1976 1523 se
2024 1466 2236 1523 tantae

361 1559 930 1638 peregrinationis
969 1560 1315 1624 laboribus
1362 1559 1605 1624 devote
1651 1578 1777 1642 pro
1813 1557 2070 1623 Christi
2117 1578 2239 1622 no-

362 1656 544 1719 mine
571 1659 981 1740 mancipare.
2021 1652 2026 1657 ⁰

494 1827 592 1892 De
622 1827 977 1893 revelatione
1002 1830 1192 1893 Petro
1218 1827 1543 1891 Heremitae
1553 1826 1735 1913 sacto
1767 1825 1843 1891 de
1867 1827 2098 1914 negotio

1111 1926 1485 2013 supradicto.

468 2047 842 2114 Animabat
914 2057 1246 2132 praeterea
1332 2069 1470 2113 non
1552 2048 1982 2114 mediocriter
2062 2048 2237 2113 hanc
2262 2076 2385 2117 rem
2400 2077 2474 2118 tho

371 2146 631 2211 christi
673 2147 987 2212 militiam
1046 2149 1131 2212 ad
1180 2148 1578 2230 obsequium
1625 2149 1934 2212 crucifixi
1987 2148 2235 2231 praedi-
2260 2127 2445 2168 ΗΜ·

371 2247 556 2310 catio
597 2245 788 2310 Petri
822 2246 1234 2326 Heremitae3
1280 2247 1365 2310 de
1403 2266 1562 2328 qu0,
1604 2253 1683 2310 ut
1733 2248 2046 2323 arbitror,
2098 2268 2237 2312 non

370 2345 501 2408 erit
555 2345 797 2409 inutile
855 2346 915 2408 si
965 2346 1265 2410 divinam
1327 2344 1811 2409 revelationem
1865 2346 1928 2409 ei
1986 2344 2236 2410 factam

367 2462 578 2526 super
628 2444 758 2508 hoc
821 2446 1098 2527 negotio
1159 2443 1634 2526 ignorantibus
1688 2444 2093 2507 intimavero
2150 2445 2238 2507 ad

366 2541 666 2606 historiae
725 2544 1130 2607 claritatem.
1231 2542 1561 2608 Sacerdos
1610 2542 1914 2624 quidam,
1956 2535 2238 2606 ¹Petrus

369 2642 639 2706 nomine
669 2649 740 2706 et
768 2643 1100 2708 heremita
1125 2643 1568 2725 professione,
1589 2641 1675 2704 de
1703 2660 1918 2722 regno
1943 2641 2240 2706 Franco-

367 2759 518 2803 rum
546 2741 896 2823 paululum
924 2750 1087 2806 ante
1115 2740 1239 2806 hos
1272 2742 1441 2816 dies,
1475 2740 2042 2822 peregrinationis
2075 2747 2237 2805 voto

363 2845 653 2916 tractus,
685 2839 1236 2923 Hierosolymam
1281 2839 1614 2922 pervenit.
1718 2838 1860 2903 Hic
1891 2838 2105 2921 juxta
2144 2839 2240 2902 le-

369 2957 551 3019 gem,
593 2937 997 3004 Christianis
1044 2939 1391 3004 civitatem
1442 2945 1755 3002 sanctam
1799 2937 2067 3020 ingredi
2122 2958 2240 3002 vo-

371 3036 672 3101 lentibus
724 3057 769 3102 a
818 3038 1173 3102 Saracenis
1226 3038 1670 3120 propositam,
1730 3037 1893 3102 dato
1958 3038 2238 3113 tributo,

370 3136 606 3199 urbem
647 3136 996 3218 ingressus
1031 3139 1104 3200 in
1149 3137 1443 3220 hospitio
1475 3137 1827 3219 cujusdam
1866 3136 2238 3200 Christiani

364 3242 726 3317 susceptus
769 3242 924 3315 est;
980 3255 1023 3299 a
1061 3256 1199 3318 quo
1240 3236 1324 3299 de
1367 3237 1615 3299 misera
1661 3235 2047 3299 conditione
2091 3253 2235 3300 cre-

362 3332 669 3397 dentium
697 3334 827 3397 sub
855 3341 1198 3416 potestate
1229 3354 1651 3417 paganorum
1684 3334 2235 3398 conversantium

363 3431 454 3494 ad
490 3432 763 3515 plenum
807 3433 1112 3509 edoctus,
1137 3433 1458 3515 quicquid
1502 3433 1912 3497 calamitatis
1947 3432 2233 3509 audivit,

364 3529 500 3594 fide
531 3533 958 3613 postmodum
984 3531 1259 3596 oculata
1287 3532 1667 3615 conspexit.
1734 3532 2041 3596 Audiens
2069 3551 2232 3596 vero

366 3631 549 3712 quod
592 3631 890 3708 Simeon,
922 3630 1312 3714 patriarcha
1353 3631 1677 3708 civitatis,
1710 3632 1819 3695 vir
1858 3639 2040 3695 esset
2076 3631 2235 3694 reli-

364 3730 602 3810 giosus
658 3739 729 3795 et
782 3732 1028 3795 timens
1073 3731 1324 3805 Deum,
1376 3730 1669 3794 accessit
1724 3731 1813 3794 ad
1866 3732 2115 3814 ipsum,
2165 3737 2237 3795 et

364 3830 622 3894 mutuis
667 3839 830 3895 sunt
879 3829 1540 3894 confabulationibus
1584 3831 1920 3910 recreati3
1989 3836 2065 3894 at
2114 3847 2237 3911 pa-

362 3929 663 3993 triarcha
695 3949 784 3993 ex
813 3930 1040 3993 verbis
1073 3929 1265 3993 Petri
1308 3929 1661 4010 colligens,
1689 3929 1873 4010 quod
1907 3928 2013 3992 vir
2051 3935 2234 3992 esset

358 4028 917 4110 circumspectus,
971 4025 1373 4092 familiarius
1424 4028 1636 4110 coepit
1697 4047 2040 4109 exponere
2089 4027 2237 4090 uni-

360 4145 588 4203 versa,
633 4146 786 4208 quae
830 4127 1158 4210 populum
1193 4127 1329 4191 Dei
1370 4127 1444 4190 in
1487 4127 1769 4190 civitate
1813 4144 2236 4190 commoran-

435 4358 447 4389 ¹
473 4362 656 4410 Petras
688 4360 875 4409 nmine
915 4363 965 4408 et
998 4357 1270 4421 hereum]
1318 4360 1370 4405 te
1387 4357 1547 4406 fluens
1566 4355 1615 4405 ei
1637 4371 1735 4405 uon
1747 4355 1919 4406 deerat
1939 4355 2191 4417 eloquium
2203 4349 2238 4415 ;'

355 4432 639 4492 ‘Pusillus,
649 4444 860 4492 persona
871 4428 1274 4489 contemptibilis,
1320 4426 1559 4478 willelm.
1599 4426 1721 4488 Tyr.
1754 4425 1895 4489 apud
1931 4425 2079 4478 Geat.
2114 4425 2235 4486 Dei,

356 4503 551 4552 vivacis
583 4500 769 4563 ingenii
792 4504 842 4548 et
862 4498 1062 4548 oculum
1084 4498 1273 4546 babens
1321 4511 1375 4559 p.
1397 4499 1511 4547 68⁷.

362 4572 703 4634 perspicacem
726 4573 1038 4633 gratumque,
1056 4572 1107 4616 et
1127 4581 1275 4628 spon·
