3457 5887
1168 850 1301 917 266
1553 872 1571 890 ·
1674 864 1935 913 uocum
1983 864 2077 912 ns
2122 864 2534 913 wmwnovmae

844 1041 1147 1141 &suffla
1170 1025 1648 1108 conspicantes
1711 1022 1999 1086 militem
2047 1030 2192 1087 tam
2239 1021 2450 1087 libere
2508 1040 2715 1104 super
2768 1028 3050 1105 pontem

874 1144 1131 1233 umor
1168 1125 1503 1202 incedere,
1529 1123 1814 1188 vocibus
1856 1122 2003 1187 suis
2032 1120 2341 1204 profanis
2383 1124 2485 1187 ita
2510 1120 2785 1186 horride
2822 1140 3051 1185 aerem

878 1221 889 1231 ’
1167 1230 1684 1301 concusserunt,
1734 1222 1916 1305 quod
1964 1222 2259 1287 stridore
2306 1220 2428 1287 illo
2481 1222 2704 1304 magis
2748 1228 2902 1285 erat
2947 1230 3053 1285 at-

1168 1326 1431 1389 tonitus
1476 1342 1684 1408 quam
1730 1322 2042 1386 illatione
2084 1329 2605 1399 tormentorum,
2652 1340 2811 1403 quae
2861 1322 3052 1404 prius

1167 1425 1395 1489 fuerat
1438 1443 1483 1488 a
1525 1423 1951 1488 daemonibus
1994 1439 2359 1505 perpessus
2390 1441 2409 1501 3
2471 1421 2590 1486 alii
2632 1422 2892 1497 hostes,
2930 1422 3051 1504 qui

1167 1525 1297 1589 sub
1350 1531 1561 1608 ponte
1614 1524 1685 1587 in
1728 1522 2008 1586 flumine
2052 1528 2273 1598 erant,
2314 1541 2524 1586 uncos
2573 1539 2737 1585 suos
2793 1519 3051 1585 ferreos

1169 1631 1239 1689 et
1268 1624 1526 1706 ignitos
1559 1622 1998 1707 proJecerunt
2032 1622 2121 1685 ad
2153 1622 2373 1699 illum,
2405 1620 2526 1685 sed
2569 1621 2857 1685 militem
2900 1628 3052 1684 tan·

1168 1743 1330 1806 gere
1361 1724 1841 1806 nequiverunt,
1873 1729 1946 1787 et
1974 1721 2077 1786 sic
2109 1721 2381 1786 demum
2410 1739 2653 1785 secure
2697 1721 3048 1804 prooessit,

1169 1825 1332 1907 quia
1361 1823 1532 1888 nihil
1562 1823 1695 1886 sibi
1724 1822 2148 1887 contrarium
2179 1820 2467 1886 invenit.

1257 1996 1434 2077 Quod
1459 1995 1630 2060 miks
1656 2017 1700 2058 a
1727 1994 2038 2059 vexatione
2059 1992 2392 2059 daemonmn
2420 1990 2574 2058 liber
2599 1993 2830 2076 effectus
2853 1992 2952 2057 sit.

1271 2120 1477 2184 Miles
1510 2120 1749 2202 itaque
1780 2119 2104 2196 invictus»,
2127 2118 2278 2203 jam
2309 2117 2482 2182 liber
2509 2116 2739 2181 factus
2767 2138 2812 2182 a
2835 2138 3043 2183 vexa-

1171 2221 1358 2284 tione
1403 2219 1769 2304 spirituum
1801 2219 2325 2295 immundorum,
2356 2217 2533 2282 vidit
2575 2225 2738 2282 ante
2781 2237 2857 2281 se
2899 2238 3042 2281 mu-

1173 2340 1324 2383 rum
1385 2319 1602 2384 altum
1668 2327 1740 2382 et
1791 2318 1865 2381 in
1929 2337 2087 2382 aere
2140 2317 2505 2394 devexum,
2558 2317 2938 2381 mirabilem
2980 2326 3047 2381 et

1171 2424 1538 2483 structurae
1598 2418 2145 2501 impretiabilem,
2196 2418 2270 2480 in
2324 2436 2464 2500 quo
2509 2426 2774 2500 portam
2817 2436 3046 2493 unam,

1171 2518 1291 2583 sed
1338 2526 1568 2584 tamen
1614 2518 1945 2595 clausam,
1994 2518 2365 2595 cernebat;
2429 2515 2572 2580 haec
2618 2516 2920 2579 metallis
2960 2535 3047 2579 ac

1169 2618 1490 2701 pretiosis
1522 2624 1862 2683 exornata
1895 2616 2238 2699 lapidibus
2277 2616 2624 2699 splendore
2651 2615 3045 2679 admirabili

1170 2718 1510 2795 radiabat,
1567 2718 1656 2781 ad
1706 2736 1915 2800 quam
1972 2735 2128 2781 cum
2186 2715 2385 2780 miles
2443 2716 3043 2798 appropinquaret,

1170 2817 1439 2900 patuit;
1492 2825 1739 2881 contra
1763 2817 1987 2899 ipsum
2021 2834 2222 2899 aquae
2244 2823 2461 2881 tautae
2488 2815 2843 2880 suavitatis
2872 2815 3047 2879 odor

1172 2917 1236 2982 ei
1266 2936 1631 2982 occurrens
1660 2917 1904 2994 exivit,
1926 2926 2028 2994 ut,
2046 2916 2305 2982 viribus
2332 2915 2637 3000 corporis
2657 2915 3046 2998 resumptis,

1174 3025 1515 3083 tormenta
1545 3037 1703 3101 quae
1742 3017 2120 3100 pertulerat
2150 3016 2281 3082 sibi
2323 3017 2395 3080 in
2439 3015 2869 3098 refrigerium
2900 3035 3049 3079 ver-

1173 3126 1504 3184 terentur.
1607 3117 1907 3200 Egressa
1939 3125 2048 3181 est
2078 3117 2258 3180 enim
2300 3125 2544 3180 contra
2585 3116 2812 3198 ipsum
2861 3116 3048 3178 veni-

1173 3225 1424 3296 entem,
1456 3237 1612 3282 cum
1655 3217 1997 3296 crucibus,
2040 3216 2255 3281 cereis
2294 3223 2368 3279 et
2391 3215 2694 3293 vexillis,
2735 3235 2819 3280 ac
2864 3214 3048 3279 velut

1173 3318 1556 3401 palmarum
1618 3336 1979 3382 aurearum
2030 3317 2262 3392 ramis,
2324 3323 2468 3379 tam
2522 3315 2843 3380 ordinata
2896 3334 3049 3397 pro-

1173 3418 1416 3496 cessio,
1465 3417 1647 3501 quod
1702 3435 2052 3500 nunquam
2102 3415 2263 3480 talis
2306 3415 2457 3479 visa
2517 3413 2746 3479 fuerat
2787 3415 2863 3478 in
2923 3414 3048 3478 boc

1174 3518 1477 3598 mundo;
1538 3518 2004 3601 sequebantur
2059 3515 2390 3598 praedicta
2441 3514 2527 3579 de
2576 3515 2894 3579 omnibus
2940 3534 3047 3578 or-

1175 3617 1449 3682 dinibus
1513 3618 1872 3698 utriusque
1932 3634 2144 3680 sexus
2201 3614 2536 3691 homines,
2589 3635 2880 3697 quorum
2930 3614 3048 3679 alii

1174 3716 1666 3800 archiepiscopi
1710 3723 1782 3780 et
1823 3715 2152 3798 episcopi,
2195 3714 2316 3778 alii
2367 3715 2678 3793 abbates,
2728 3714 3046 3779 monachi

1175 3823 1245 3880 et
1306 3815 1711 3899 presbyteri,
1758 3833 1838 3879 ac
1883 3815 2309 3897 singulorum
2351 3813 2658 3879 eeclesiae
2708 3814 3049 3897 graduum

1174 3916 1493 3992 ministri,
1527 3915 1647 3998 qui
1692 3933 1927 3978 omnes
1971 3915 2188 3979 sam-is
2229 3914 2536 3978 vestibus
2579 3922 2652 3979 et
2692 3916 2840 3980 suis
2868 3915 3051 3979 ordi-

1173 4016 1373 4079 nibus
1414 4014 1737 4098 congruis
1779 4013 2007 4079 induti
2050 4014 2337 4079 militem
2379 4033 2535 4078 cum
2574 4013 2887 4099 jucunda
2930 4035 3046 4079 ve-

1172 4116 1524 4180 neratione
1571 4121 2022 4197 susceperunt
2063 4121 2273 4198 atque
2315 4133 2469 4179 cum
2514 4122 2850 4180 concentu
2893 4114 3051 4178 bar-

1172 4216 1417 4280 moniae
1481 4215 1811 4278 inauditae
1875 4213 2057 4278 infra
2128 4221 2399 4297 portam
2462 4232 2697 4278 secum
2760 4214 3048 4279 feliciter

1172 4313 1668 4379 conduxerunt.
1730 4313 1964 4378 Finito
1996 4314 2231 4396 itaque
2257 4320 2619 4390 concentu,
2652 4314 2793 4378 duo
2823 4314 3042 4379 archi-

1172 4414 1477 4498 episcopi
1515 4433 1671 4478 cum
1713 4433 1796 4478 eo
1850 4414 2210 4496 loquentes
2262 4412 2761 4477 benedixerunt
2791 4415 3040 4490 Deum,

1171 4515 1505 4596 quitanta
1537 4514 1928 4579 constantia
1948 4514 2022 4577 in
2055 4512 2438 4588 tormentis,
2473 4531 2597 4594 per
2624 4532 2781 4596 quae
2813 4522 3040 4577 trans-

1169 4615 1249 4681 iit
1300 4623 1370 4680 et
1429 4634 1584 4699 quae
1646 4613 1953 4697 pertulit,
2013 4613 2164 4697 ejus
2226 4611 2522 4676 animam
2586 4612 3040 4678 confirmavit.
