<?xml version="1.0" encoding="UTF-8"?>
<!DOCTYPE html PUBLIC "-//W3C//DTD XHTML 1.0 Transitional//EN"
    "http://www.w3.org/TR/xhtml1/DTD/xhtml1-transitional.dtd">
<html xmlns="http://www.w3.org/1999/xhtml" xml:lang="en" lang="en">
 <head>
  <title>
</title>
<meta http-equiv="Content-Type" content="text/html;charset=utf-8" />
  <meta name='ocr-system' content='tesseract 3.04.00' />
  <meta name='ocr-capabilities' content='ocr_page ocr_carea ocr_par ocr_line ocrx_word'/>
</head>
<body>
  <div class='ocr_page' id='page_1' title='image "./rogeridewendove00wendgoog_0418.png"; bbox 0 0 3457 5887; ppageno 0'>
   <div class='ocr_carea' id='block_1_1' title="bbox 795 996 1040 1039">
    <p class='ocr_par' dir='ltr' id='par_1_1' title="bbox 795 996 1040 1039">
     <span class='ocr_line' id='line_1_1' title="bbox 795 996 1040 1039; baseline 0 0"><span class='ocrx_word' id='word_1_1' title='bbox 795 996 908 1039; x_wconf 65' lang='lat' dir='ltr'><strong>Am.</strong></span> <span class='ocrx_word' id='word_1_2' title='bbox 927 997 1040 1039; x_wconf 72' lang='lat'><strong>1184.</strong></span> 
     </span>
    </p>
   </div>
   <div class='ocr_carea' id='block_1_2' title="bbox 793 1484 1021 1584">
    <p class='ocr_par' dir='ltr' id='par_1_2' title="bbox 793 1484 1021 1584">
     <span class='ocr_line' id='line_1_2' title="bbox 793 1484 1021 1584; baseline 0.044 -10"><span class='ocrx_word' id='word_1_3' title='bbox 793 1484 1021 1584; x_wconf 64' lang='grc' dir='ltr'><strong>ἓῧὲιὲἔω.</strong></span> 
     </span>
    </p>
   </div>
   <div class='ocr_carea' id='block_1_3' title="bbox 1116 808 2480 875">
    <p class='ocr_par' dir='ltr' id='par_1_3' title="bbox 1116 808 2480 875">
     <span class='ocr_line' id='line_1_3' title="bbox 1116 808 2480 875; baseline 0.003 -4"><span class='ocrx_word' id='word_1_4' title='bbox 1116 808 1247 873; x_wconf 87' lang='grc'><strong>414</strong></span> <span class='ocrx_word' id='word_1_5' title='bbox 1617 823 1886 873; x_wconf 73' lang='lat' dir='ltr'><strong>uocum</strong></span> <span class='ocrx_word' id='word_1_6' title='bbox 1930 826 2023 872; x_wconf 79' lang='lat' dir='ltr'><strong>ou</strong></span> <span class='ocrx_word' id='word_1_7' title='bbox 2067 826 2480 875; x_wconf 68' lang='lat' dir='ltr'><strong>wssunovnu</strong></span> 
     </span>
    </p>
   </div>
   <div class='ocr_carea' id='block_1_4' title="bbox 1115 971 2982 1163">
    <p class='ocr_par' dir='ltr' id='par_1_4' title="bbox 1115 971 2982 1163">
     <span class='ocr_line' id='line_1_4' title="bbox 1115 971 2982 1063; baseline 0.003 -20"><span class='ocrx_word' id='word_1_8' title='bbox 1115 998 1267 1044; x_wconf 86' lang='lat' dir='ltr'><strong>esse</strong></span> <span class='ocrx_word' id='word_1_9' title='bbox 1294 988 1780 1062; x_wconf 77' lang='lat' dir='ltr'><strong>cog-noscentes</strong></span> <span class='ocrx_word' id='word_1_10' title='bbox 1812 971 2159 1063; x_wconf 79' lang='lat' dir='ltr'><strong>fugerunt,</strong></span> <span class='ocrx_word' id='word_1_11' title='bbox 2190 982 2447 1058; x_wconf 84' lang='lat' dir='ltr'><strong>omnia,</strong></span> <span class='ocrx_word' id='word_1_12' title='bbox 2489 1000 2642 1063; x_wconf 80' lang='lat' dir='ltr'><strong>quae</strong></span> <span class='ocrx_word' id='word_1_13' title='bbox 2672 1000 2791 1047; x_wconf 84' lang='lat' dir='ltr'><strong>sua</strong></span> <span class='ocrx_word' id='word_1_14' title='bbox 2823 984 2982 1049; x_wconf 87' lang='lat' dir='ltr'><strong>fue-</strong></span> 
     </span>
     <span class='ocr_line' id='line_1_5' title="bbox 1115 1079 1811 1163; baseline 0.004 -20"><span class='ocrx_word' id='word_1_15' title='bbox 1115 1086 1297 1157; x_wconf 88' lang='lat' dir='ltr'><strong>rant,</strong></span> <span class='ocrx_word' id='word_1_16' title='bbox 1328 1079 1811 1163; x_wconf 81' lang='lat' dir='ltr'><strong>relinquentes,</strong></span> 
     </span>
    </p>
   </div>
   <div class='ocr_carea' id='block_1_5' title="bbox 1117 1251 2986 1561">
    <p class='ocr_par' dir='ltr' id='par_1_5' title="bbox 1117 1251 2986 1561">
     <span class='ocr_line' id='line_1_6' title="bbox 1117 1251 2979 1338; baseline 0.002 -21"><span class='ocrx_word' id='word_1_17' title='bbox 1117 1251 1298 1328; x_wconf 72' lang='lat' dir='ltr'><strong>Quod</strong></span> <span class='ocrx_word' id='word_1_18' title='bbox 1327 1253 1530 1318; x_wconf 69' lang='lat' dir='ltr'><strong>Guido</strong></span> <span class='ocrx_word' id='word_1_19' title='bbox 1557 1253 1631 1319; x_wconf 79' lang='lat' dir='ltr'><strong>de</strong></span> <span class='ocrx_word' id='word_1_20' title='bbox 1658 1254 1982 1319; x_wconf 75' lang='lat' dir='ltr'><strong>Liziniaco</strong></span> <span class='ocrx_word' id='word_1_21' title='bbox 2012 1255 2185 1338; x_wconf 69' lang='lat' dir='ltr'><strong>requi</strong></span> <span class='ocrx_word' id='word_1_22' title='bbox 2215 1253 2566 1318; x_wconf 73' lang='lat' dir='ltr'><strong>Jerusalem</strong></span> <span class='ocrx_word' id='word_1_23' title='bbox 2596 1256 2979 1320; x_wconf 65' lang='lat' dir='ltr'><strong>ommitaitur</strong></span> 
     </span>
     <span class='ocr_line' id='line_1_7' title="bbox 1837 1361 2232 1438; baseline -0.01 -18"><span class='ocrx_word' id='word_1_24' title='bbox 1837 1361 2232 1438; x_wconf 63' lang='lat' dir='ltr'><strong>procurator.</strong></span> 
     </span>
     <span class='ocr_line' id='line_1_8' title="bbox 1213 1470 2986 1561; baseline 0.001 -20"><span class='ocrx_word' id='word_1_25' title='bbox 1213 1476 1564 1561; x_wconf 80' lang='lat' dir='ltr'><strong>Regnavit</strong></span> <span class='ocrx_word' id='word_1_26' title='bbox 1589 1478 1720 1541; x_wconf 90' lang='lat' dir='ltr'><strong>sub</strong></span> <span class='ocrx_word' id='word_1_27' title='bbox 1751 1476 1837 1541; x_wconf 92' lang='lat' dir='ltr'><strong>iis</strong></span> <span class='ocrx_word' id='word_1_28' title='bbox 1869 1476 2106 1541; x_wconf 88' lang='lat' dir='ltr'><strong>diebus</strong></span> <span class='ocrx_word' id='word_1_29' title='bbox 2131 1477 2203 1540; x_wconf 90' lang='lat' dir='ltr'><strong>in</strong></span> <span class='ocrx_word' id='word_1_30' title='bbox 2238 1476 2680 1541; x_wconf 79' lang='lat' dir='ltr'><strong>Hierusalem</strong></span> <span class='ocrx_word' id='word_1_31' title='bbox 2706 1470 2725 1508; x_wconf 89' lang='lat'>¹</span> <span class='ocrx_word' id='word_1_32' title='bbox 2742 1477 2986 1542; x_wconf 87' lang='lat' dir='ltr'><strong>Balde-</strong></span> 
     </span>
    </p>
   </div>
   <div class='ocr_carea' id='block_1_6' title="bbox 792 1576 2984 1660">
    <p class='ocr_par' dir='ltr' id='par_1_6' title="bbox 792 1576 2984 1660">
     <span class='ocr_line' id='line_1_9' title="bbox 792 1576 2984 1660; baseline 0.003 -27"><span class='ocrx_word' id='word_1_33' title='bbox 792 1590 998 1633; x_wconf 66' lang='grc' dir='ltr'><strong>ντοωαα</strong></span> <span class='ocrx_word' id='word_1_34' title='bbox 1015 1585 1064 1626; x_wconf 65' lang='lat'><strong>⁰⁸</strong></span> <span class='ocrx_word' id='word_1_35' title='bbox 1113 1577 1356 1656; x_wconf 83' lang='lat' dir='ltr'><strong>winus,</strong></span> <span class='ocrx_word' id='word_1_36' title='bbox 1410 1576 1748 1642; x_wconf 82' lang='lat' dir='ltr'><strong>Amalrici</strong></span> <span class='ocrx_word' id='word_1_37' title='bbox 1810 1576 2152 1659; x_wconf 88' lang='lat' dir='ltr'><strong>quondam</strong></span> <span class='ocrx_word' id='word_1_38' title='bbox 2206 1578 2391 1659; x_wconf 80' lang='lat' dir='ltr'><strong>regis</strong></span> <span class='ocrx_word' id='word_1_39' title='bbox 2450 1576 2657 1654; x_wconf 88' lang='lat' dir='ltr'><strong>filius,</strong></span> <span class='ocrx_word' id='word_1_40' title='bbox 2717 1578 2836 1660; x_wconf 89' lang='lat' dir='ltr'><strong>qni</strong></span> <span class='ocrx_word' id='word_1_41' title='bbox 2897 1578 2984 1642; x_wconf 89' lang='lat' dir='ltr'><strong>ab</strong></span> 
     </span>
    </p>
   </div>
   <div class='ocr_carea' id='block_1_7' title="bbox 791 1635 1039 1676">
    <p class='ocr_par' dir='ltr' id='par_1_7' title="bbox 791 1635 1039 1676">
     <span class='ocr_line' id='line_1_10' title="bbox 791 1635 1039 1676; baseline 0.004 -1"><span class='ocrx_word' id='word_1_42' title='bbox 791 1635 1039 1676; x_wconf 68' lang='lat' dir='ltr'><strong>Jerusalem.</strong></span> 
     </span>
    </p>
   </div>
   <div class='ocr_carea' id='block_1_8' title="bbox 787 3681 1028 3764">
    <p class='ocr_par' dir='ltr' id='par_1_8' title="bbox 787 3681 1028 3764">
     <span class='ocr_line' id='line_1_11' title="bbox 818 3681 898 3720; baseline 0 -10"><span class='ocrx_word' id='word_1_43' title='bbox 818 3681 898 3720; x_wconf 86' lang='lat' dir='ltr'><strong>onq</strong></span> 
     </span>
     <span class='ocr_line' id='line_1_12' title="bbox 787 3722 1028 3764; baseline 0.012 -5"><span class='ocrx_word' id='word_1_44' title='bbox 787 3722 835 3760; x_wconf 77' lang='lat' dir='ltr'><strong>os</strong></span> <span class='ocrx_word' id='word_1_45' title='bbox 846 3722 1028 3764; x_wconf 69' lang='lat' dir='ltr'><strong>&amp;ladin-</strong></span> 
     </span>
    </p>
   </div>
   <div class='ocr_carea' id='block_1_9' title="bbox 1113 1674 2981 1760">
    <p class='ocr_par' dir='ltr' id='par_1_9' title="bbox 1113 1674 2981 1760">
     <span class='ocr_line' id='line_1_13' title="bbox 1113 1674 2981 1760; baseline 0 -19"><span class='ocrx_word' id='word_1_46' title='bbox 1113 1676 1307 1742; x_wconf 87' lang='lat' dir='ltr'><strong>initio</strong></span> <span class='ocrx_word' id='word_1_47' title='bbox 1379 1676 1573 1759; x_wconf 78' lang='lat' dir='ltr'><strong>regni</strong></span> <span class='ocrx_word' id='word_1_48' title='bbox 1653 1674 2094 1760; x_wconf 87' lang='lat' dir='ltr'><strong>elephantino</strong></span> <span class='ocrx_word' id='word_1_49' title='bbox 2162 1676 2487 1741; x_wconf 86' lang='lat' dir='ltr'><strong>laborans</strong></span> <span class='ocrx_word' id='word_1_50' title='bbox 2557 1677 2981 1741; x_wconf 88' lang='lat' dir='ltr'><strong>incommodo</strong></span> 
     </span>
    </p>
   </div>
   <div class='ocr_carea' id='block_1_10' title="bbox 1101 1776 2975 1860">
    <p class='ocr_par' dir='ltr' id='par_1_10' title="bbox 1101 1776 2975 1860">
     <span class='ocr_line' id='line_1_14' title="bbox 1101 1776 2975 1860; baseline 0.001 -21"><span class='ocrx_word' id='word_1_51' title='bbox 1101 1776 1252 1860; x_wconf 90' lang='lat' dir='ltr'><strong>jam</strong></span> <span class='ocrx_word' id='word_1_52' title='bbox 1292 1776 1524 1841; x_wconf 89' lang='lat' dir='ltr'><strong>lumen</strong></span> <span class='ocrx_word' id='word_1_53' title='bbox 1564 1776 1916 1855; x_wconf 89' lang='lat' dir='ltr'><strong>amiserat,</strong></span> <span class='ocrx_word' id='word_1_54' title='bbox 1946 1784 2041 1854; x_wconf 89' lang='lat' dir='ltr'><strong>et,</strong></span> <span class='ocrx_word' id='word_1_55' title='bbox 2071 1776 2621 1859; x_wconf 83' lang='lat' dir='ltr'><strong>putrescentibus</strong></span> <span class='ocrx_word' id='word_1_56' title='bbox 2656 1778 2975 1841; x_wconf 88' lang='lat' dir='ltr'><strong>membro-</strong></span> 
     </span>
    </p>
   </div>
   <div class='ocr_carea' id='block_1_11' title="bbox 1107 1874 2987 3352">
    <p class='ocr_par' dir='ltr' id='par_1_11' title="bbox 1107 1874 2987 3352">
     <span class='ocr_line' id='line_1_15' title="bbox 1112 1874 2971 1960; baseline 0.001 -22"><span class='ocrx_word' id='word_1_57' title='bbox 1112 1894 1264 1939; x_wconf 87' lang='lat' dir='ltr'><strong>rum</strong></span> <span class='ocrx_word' id='word_1_58' title='bbox 1311 1876 1887 1954; x_wconf 78' lang='lat' dir='ltr'><strong>extremitatibus,</strong></span> <span class='ocrx_word' id='word_1_59' title='bbox 1944 1876 2152 1960; x_wconf 87' lang='lat' dir='ltr'><strong>pedes</strong></span> <span class='ocrx_word' id='word_1_60' title='bbox 2213 1874 2278 1940; x_wconf 88' lang='lat' dir='ltr'><strong>ei</strong></span> <span class='ocrx_word' id='word_1_61' title='bbox 2340 1882 2414 1940; x_wconf 88' lang='lat' dir='ltr'><strong>et</strong></span> <span class='ocrx_word' id='word_1_62' title='bbox 2472 1895 2722 1940; x_wconf 89' lang='lat' dir='ltr'><strong>manus</strong></span> <span class='ocrx_word' id='word_1_63' title='bbox 2782 1896 2971 1940; x_wconf 86' lang='lat' dir='ltr'><strong>suum</strong></span> 
     </span>
     <span class='ocr_line' id='line_1_16' title="bbox 1109 1973 2977 2058; baseline 0.001 -20"><span class='ocrx_word' id='word_1_64' title='bbox 1109 1973 1408 2038; x_wconf 87' lang='lat' dir='ltr'><strong>officium</strong></span> <span class='ocrx_word' id='word_1_65' title='bbox 1450 1974 1925 2057; x_wconf 80' lang='lat' dir='ltr'><strong>denegabant3</strong></span> <span class='ocrx_word' id='word_1_66' title='bbox 1979 1977 2239 2058; x_wconf 77' lang='lat' dir='ltr'><strong>regiam</strong></span> <span class='ocrx_word' id='word_1_67' title='bbox 2279 1982 2511 2040; x_wconf 88' lang='lat' dir='ltr'><strong>tamen</strong></span> <span class='ocrx_word' id='word_1_68' title='bbox 2549 1975 2977 2040; x_wconf 78' lang='lat' dir='ltr'><strong>administra·</strong></span> 
     </span>
     <span class='ocr_line' id='line_1_17' title="bbox 1112 2073 2984 2158; baseline 0.002 -21"><span class='ocrx_word' id='word_1_69' title='bbox 1112 2073 1391 2158; x_wconf 84' lang='lat' dir='ltr'><strong>tionem,</strong></span> <span class='ocrx_word' id='word_1_70' title='bbox 1439 2073 1604 2139; x_wconf 89' lang='lat' dir='ltr'><strong>licet</strong></span> <span class='ocrx_word' id='word_1_71' title='bbox 1652 2094 1934 2157; x_wconf 89' lang='lat' dir='ltr'><strong>corpore</strong></span> <span class='ocrx_word' id='word_1_72' title='bbox 1983 2075 2225 2140; x_wconf 88' lang='lat' dir='ltr'><strong>debilis</strong></span> <span class='ocrx_word' id='word_1_73' title='bbox 2267 2082 2453 2140; x_wconf 86' lang='lat' dir='ltr'><strong>esset</strong></span> <span class='ocrx_word' id='word_1_74' title='bbox 2493 2077 2727 2140; x_wconf 89' lang='lat' dir='ltr'><strong>animo</strong></span> <span class='ocrx_word' id='word_1_75' title='bbox 2769 2075 2984 2153; x_wconf 82' lang='lat' dir='ltr'><strong>fortis,</strong></span> 
     </span>
     <span class='ocr_line' id='line_1_18' title="bbox 1113 2173 2984 2258; baseline 0.002 -21"><span class='ocrx_word' id='word_1_76' title='bbox 1113 2192 1327 2256; x_wconf 88' lang='lat' dir='ltr'><strong>supra</strong></span> <span class='ocrx_word' id='word_1_77' title='bbox 1359 2173 1542 2238; x_wconf 82' lang='lat' dir='ltr'><strong>vires</strong></span> <span class='ocrx_word' id='word_1_78' title='bbox 1597 2173 1942 2238; x_wconf 89' lang='lat' dir='ltr'><strong>nitebatur</strong></span> <span class='ocrx_word' id='word_1_79' title='bbox 1980 2175 2288 2258; x_wconf 89' lang='lat' dir='ltr'><strong>implere.</strong></span> <span class='ocrx_word' id='word_1_80' title='bbox 2391 2175 2815 2241; x_wconf 82' lang='lat' dir='ltr'><strong>Convocatis</strong></span> <span class='ocrx_word' id='word_1_81' title='bbox 2855 2177 2984 2241; x_wconf 91' lang='lat' dir='ltr'><strong>ita-</strong></span> 
     </span>
     <span class='ocr_line' id='line_1_19' title="bbox 1114 2273 2984 2358; baseline 0.001 -21"><span class='ocrx_word' id='word_1_82' title='bbox 1114 2292 1249 2355; x_wconf 89' lang='lat' dir='ltr'><strong>que</strong></span> <span class='ocrx_word' id='word_1_83' title='bbox 1293 2273 1708 2356; x_wconf 89' lang='lat' dir='ltr'><strong>principibus</strong></span> <span class='ocrx_word' id='word_1_84' title='bbox 1747 2274 1916 2351; x_wconf 90' lang='lat' dir='ltr'><strong>suis,</strong></span> <span class='ocrx_word' id='word_1_85' title='bbox 1946 2282 2167 2339; x_wconf 89' lang='lat' dir='ltr'><strong>matre</strong></span> <span class='ocrx_word' id='word_1_86' title='bbox 2199 2283 2542 2358; x_wconf 80' lang='lat' dir='ltr'><strong>praesente</strong></span> <span class='ocrx_word' id='word_1_87' title='bbox 2583 2283 2659 2340; x_wconf 87' lang='lat' dir='ltr'><strong>et</strong></span> <span class='ocrx_word' id='word_1_88' title='bbox 2694 2277 2984 2358; x_wconf 86' lang='lat' dir='ltr'><strong>patriar·</strong></span> 
     </span>
     <span class='ocr_line' id='line_1_20' title="bbox 1111 2366 2987 2458; baseline 0.002 -24"><span class='ocrx_word' id='word_1_89' title='bbox 1111 2372 1266 2451; x_wconf 91' lang='lat' dir='ltr'><strong>cha,</strong></span> <span class='ocrx_word' id='word_1_90' title='bbox 1302 2366 1326 2404; x_wconf 85' lang='lat'>²</span> <span class='ocrx_word' id='word_1_91' title='bbox 1342 2371 1731 2439; x_wconf 85' lang='lat' dir='ltr'><strong>Gnidonem</strong></span> <span class='ocrx_word' id='word_1_92' title='bbox 1769 2372 1855 2438; x_wconf 89' lang='lat' dir='ltr'><strong>de</strong></span> <span class='ocrx_word' id='word_1_93' title='bbox 1898 2373 2272 2451; x_wconf 83' lang='lat' dir='ltr'><strong>Liziniaco,</strong></span> <span class='ocrx_word' id='word_1_94' title='bbox 2320 2376 2633 2440; x_wconf 88' lang='lat' dir='ltr'><strong>comitem</strong></span> <span class='ocrx_word' id='word_1_95' title='bbox 2679 2374 2987 2458; x_wconf 81' lang='lat' dir='ltr'><strong>Joppen-</strong></span> 
     </span>
     <span class='ocr_line' id='line_1_21' title="bbox 1112 2470 2982 2556; baseline 0.002 -22"><span class='ocrx_word' id='word_1_96' title='bbox 1112 2490 1258 2535; x_wconf 86' lang='lat' dir='ltr'><strong>sem</strong></span> <span class='ocrx_word' id='word_1_97' title='bbox 1312 2479 1384 2537; x_wconf 88' lang='lat' dir='ltr'><strong>et</strong></span> <span class='ocrx_word' id='word_1_98' title='bbox 1430 2470 2026 2550; x_wconf 85' lang='lat' dir='ltr'><strong>Ascalonitanum,</strong></span> <span class='ocrx_word' id='word_1_99' title='bbox 2085 2474 2282 2555; x_wconf 80' lang='lat' dir='ltr'><strong>regni</strong></span> <span class='ocrx_word' id='word_1_100' title='bbox 2342 2474 2692 2538; x_wconf 86' lang='lat' dir='ltr'><strong>constituit</strong></span> <span class='ocrx_word' id='word_1_101' title='bbox 2749 2476 2982 2556; x_wconf 83' lang='lat' dir='ltr'><strong>provi·</strong></span> 
     </span>
     <span class='ocr_line' id='line_1_22' title="bbox 1111 2571 2980 2654; baseline 0.002 -20"><span class='ocrx_word' id='word_1_102' title='bbox 1111 2589 1353 2634; x_wconf 87' lang='lat' dir='ltr'><strong>sorem.</strong></span> <span class='ocrx_word' id='word_1_103' title='bbox 1456 2571 1727 2637; x_wconf 84' lang='lat' dir='ltr'><strong>Habuit</strong></span> <span class='ocrx_word' id='word_1_104' title='bbox 1756 2571 1937 2637; x_wconf 87' lang='lat' dir='ltr'><strong>idem</strong></span> <span class='ocrx_word' id='word_1_105' title='bbox 1968 2571 2199 2637; x_wconf 84' lang='lat' dir='ltr'><strong>Guido</strong></span> <span class='ocrx_word' id='word_1_106' title='bbox 2240 2592 2537 2638; x_wconf 87' lang='lat' dir='ltr'><strong>sororem</strong></span> <span class='ocrx_word' id='word_1_107' title='bbox 2576 2573 2754 2654; x_wconf 82' lang='lat' dir='ltr'><strong>regis</strong></span> <span class='ocrx_word' id='word_1_108' title='bbox 2797 2593 2980 2638; x_wconf 84' lang='lat' dir='ltr'><strong>uxo-</strong></span> 
     </span>
     <span class='ocr_line' id='line_1_23' title="bbox 1111 2671 2972 2756; baseline 0.002 -23"><span class='ocrx_word' id='word_1_109' title='bbox 1111 2690 1276 2746; x_wconf 90' lang='lat' dir='ltr'><strong>rem,</strong></span> <span class='ocrx_word' id='word_1_110' title='bbox 1325 2671 1600 2735; x_wconf 89' lang='lat' dir='ltr'><strong>nomine</strong></span> <span class='ocrx_word' id='word_1_111' title='bbox 1659 2671 1993 2749; x_wconf 83' lang='lat' dir='ltr'><strong>sibillam,</strong></span> <span class='ocrx_word' id='word_1_112' title='bbox 2050 2691 2206 2754; x_wconf 83' lang='lat' dir='ltr'><strong>quae</strong></span> <span class='ocrx_word' id='word_1_113' title='bbox 2253 2674 2444 2756; x_wconf 89' lang='lat' dir='ltr'><strong>prius</strong></span> <span class='ocrx_word' id='word_1_114' title='bbox 2482 2672 2829 2737; x_wconf 83' lang='lat' dir='ltr'><strong>marchisio</strong></span> <span class='ocrx_word' id='word_1_115' title='bbox 2882 2673 2972 2737; x_wconf 88' lang='lat' dir='ltr'><strong>de</strong></span> 
     </span>
     <span class='ocr_line' id='line_1_24' title="bbox 1112 2768 2972 2856; baseline 0.001 -23"><span class='ocrx_word' id='word_1_116' title='bbox 1112 2768 1683 2835; x_wconf 87' lang='lat' dir='ltr'><strong>Monte-Ferrato</strong></span> <span class='ocrx_word' id='word_1_117' title='bbox 1748 2772 2179 2838; x_wconf 87' lang='lat' dir='ltr'><strong>matrimonio</strong></span> <span class='ocrx_word' id='word_1_118' title='bbox 2239 2772 2563 2856; x_wconf 88' lang='lat' dir='ltr'><strong>copulata</strong></span> <span class='ocrx_word' id='word_1_119' title='bbox 2612 2772 2821 2836; x_wconf 86' lang='lat' dir='ltr'><strong>filium</strong></span> <span class='ocrx_word' id='word_1_120' title='bbox 2880 2792 2972 2835; x_wconf 79' lang='lat' dir='ltr'><strong>ex</strong></span> 
     </span>
     <span class='ocr_line' id='line_1_25' title="bbox 1108 2868 2977 2953; baseline 0.001 -21"><span class='ocrx_word' id='word_1_121' title='bbox 1108 2868 1228 2932; x_wconf 92' lang='lat' dir='ltr'><strong>illo</strong></span> <span class='ocrx_word' id='word_1_122' title='bbox 1287 2877 1683 2953; x_wconf 83' lang='lat' dir='ltr'><strong>susceperat</strong></span> <span class='ocrx_word' id='word_1_123' title='bbox 1733 2871 2007 2935; x_wconf 90' lang='lat' dir='ltr'><strong>nomine</strong></span> <span class='ocrx_word' id='word_1_124' title='bbox 2057 2871 2567 2951; x_wconf 77' lang='lat' dir='ltr'><strong>Baldewinum3</strong></span> <span class='ocrx_word' id='word_1_125' title='bbox 2632 2871 2752 2935; x_wconf 84' lang='lat' dir='ltr'><strong>sed</strong></span> <span class='ocrx_word' id='word_1_126' title='bbox 2800 2891 2977 2949; x_wconf 88' lang='lat' dir='ltr'><strong>cum,</strong></span> 
     </span>
     <span class='ocr_line' id='line_1_26' title="bbox 1110 2968 2978 3056; baseline 0.002 -24"><span class='ocrx_word' id='word_1_127' title='bbox 1110 2968 1465 3052; x_wconf 90' lang='lat' dir='ltr'><strong>aliquanto</strong></span> <span class='ocrx_word' id='word_1_128' title='bbox 1527 2978 1833 3054; x_wconf 85' lang='lat' dir='ltr'><strong>tempore</strong></span> <span class='ocrx_word' id='word_1_129' title='bbox 1885 2970 2203 3036; x_wconf 83' lang='lat' dir='ltr'><strong>Gnidoue</strong></span> <span class='ocrx_word' id='word_1_130' title='bbox 2268 2980 2714 3056; x_wconf 85' lang='lat' dir='ltr'><strong>procuratore</strong></span> <span class='ocrx_word' id='word_1_131' title='bbox 2768 2973 2978 3036; x_wconf 83' lang='lat' dir='ltr'><strong>exist·</strong></span> 
     </span>
     <span class='ocr_line' id='line_1_27' title="bbox 1107 3069 2982 3155; baseline 0.001 -23"><span class='ocrx_word' id='word_1_132' title='bbox 1107 3076 1289 3146; x_wconf 91' lang='lat' dir='ltr'><strong>ente,</strong></span> <span class='ocrx_word' id='word_1_133' title='bbox 1340 3069 2045 3154; x_wconf 85' lang='lat' dir='ltr'><strong>Hierosolymitanum</strong></span> <span class='ocrx_word' id='word_1_134' title='bbox 2090 3091 2227 3135; x_wconf 89' lang='lat' dir='ltr'><strong>non</strong></span> <span class='ocrx_word' id='word_1_135' title='bbox 2269 3077 2788 3155; x_wconf 77' lang='lat' dir='ltr'><strong>prosperaretur</strong></span> <span class='ocrx_word' id='word_1_136' title='bbox 2835 3092 2982 3152; x_wconf 81' lang='lat' dir='ltr'><strong>reg·</strong></span> 
     </span>
     <span class='ocr_line' id='line_1_28' title="bbox 1108 3170 2976 3255; baseline 0.002 -24"><span class='ocrx_word' id='word_1_137' title='bbox 1108 3187 1298 3246; x_wconf 92' lang='lat' dir='ltr'><strong>num,</strong></span> <span class='ocrx_word' id='word_1_138' title='bbox 1341 3189 1489 3247; x_wconf 87' lang='lat' dir='ltr'><strong>rex,</strong></span> <span class='ocrx_word' id='word_1_139' title='bbox 1533 3178 1765 3235; x_wconf 89' lang='lat' dir='ltr'><strong>amoto</strong></span> <span class='ocrx_word' id='word_1_140' title='bbox 1808 3190 1913 3248; x_wconf 91' lang='lat' dir='ltr'><strong>eo,</strong></span> <span class='ocrx_word' id='word_1_141' title='bbox 1952 3170 2362 3250; x_wconf 88' lang='lat' dir='ltr'><strong>Reimundo,</strong></span> <span class='ocrx_word' id='word_1_142' title='bbox 2403 3170 2638 3236; x_wconf 89' lang='lat' dir='ltr'><strong>comiti</strong></span> <span class='ocrx_word' id='word_1_143' title='bbox 2681 3170 2976 3255; x_wconf 84' lang='lat' dir='ltr'><strong>Tripoli·</strong></span> 
     </span>
     <span class='ocr_line' id='line_1_29' title="bbox 1108 3268 2188 3352; baseline 0.004 -21"><span class='ocrx_word' id='word_1_144' title='bbox 1108 3276 1297 3346; x_wconf 91' lang='lat' dir='ltr'><strong>tano,</strong></span> <span class='ocrx_word' id='word_1_145' title='bbox 1327 3268 1522 3352; x_wconf 86' lang='lat' dir='ltr'><strong>regui</strong></span> <span class='ocrx_word' id='word_1_146' title='bbox 1556 3288 1791 3334; x_wconf 89' lang='lat' dir='ltr'><strong>curam</strong></span> <span class='ocrx_word' id='word_1_147' title='bbox 1823 3271 2188 3336; x_wconf 87' lang='lat' dir='ltr'><strong>commisit.</strong></span> 
     </span>
    </p>
   </div>
   <div class='ocr_carea' id='block_1_12' title="bbox 1104 3441 2981 4044">
    <p class='ocr_par' dir='ltr' id='par_1_12' title="bbox 1111 3441 2981 3610">
     <span class='ocr_line' id='line_1_30' title="bbox 1111 3441 2981 3529; baseline 0.001 -21"><span class='ocrx_word' id='word_1_148' title='bbox 1111 3441 1288 3524; x_wconf 72' lang='lat' dir='ltr'><strong>Quod</strong></span> <span class='ocrx_word' id='word_1_149' title='bbox 1313 3441 1719 3521; x_wconf 66' lang='lat' dir='ltr'><strong>Sahadinws,</strong></span> <span class='ocrx_word' id='word_1_150' title='bbox 1751 3443 2059 3509; x_wconf 71' lang='lat' dir='ltr'><strong>Soldanws</strong></span> <span class='ocrx_word' id='word_1_151' title='bbox 2085 3441 2447 3528; x_wconf 52' lang='lat' dir='ltr'><strong>Babylonis,</strong></span> <span class='ocrx_word' id='word_1_152' title='bbox 2461 3443 2682 3529; x_wconf 74' lang='lat' dir='ltr'><strong>plures</strong></span> <span class='ocrx_word' id='word_1_153' title='bbox 2709 3444 2981 3509; x_wconf 64' lang='lat' dir='ltr'><strong>civ-itam</strong></span> 
     </span>
     <span class='ocr_line' id='line_1_31' title="bbox 1623 3543 2461 3610; baseline -0.001 -2"><span class='ocrx_word' id='word_1_154' title='bbox 1623 3543 2117 3610; x_wconf 70' lang='lat' dir='ltr'><strong>Christiamormn</strong></span> <span class='ocrx_word' id='word_1_155' title='bbox 2143 3543 2461 3608; x_wconf 63' lang='lat' dir='ltr'><strong>desit-wit.</strong></span> 
     </span>
    </p>

    <p class='ocr_par' dir='ltr' id='par_1_13' title="bbox 1104 3659 2971 4044">
     <span class='ocr_line' id='line_1_32' title="bbox 1194 3659 2971 3750; baseline 0.001 -21"><span class='ocrx_word' id='word_1_156' title='bbox 1194 3659 1545 3748; x_wconf 80' lang='lat' dir='ltr'><strong>Contigit³</strong></span> <span class='ocrx_word' id='word_1_157' title='bbox 1572 3665 1702 3731; x_wconf 87' lang='lat' dir='ltr'><strong>hac</strong></span> <span class='ocrx_word' id='word_1_158' title='bbox 1735 3672 2165 3750; x_wconf 85' lang='lat' dir='ltr'><strong>tempestate,</strong></span> <span class='ocrx_word' id='word_1_159' title='bbox 2182 3674 2261 3730; x_wconf 90' lang='lat' dir='ltr'><strong>ut</strong></span> <span class='ocrx_word' id='word_1_160' title='bbox 2292 3666 2725 3744; x_wconf 81' lang='lat' dir='ltr'><strong>Salaadinus,</strong></span> <span class='ocrx_word' id='word_1_161' title='bbox 2747 3667 2971 3731; x_wconf 86' lang='lat' dir='ltr'><strong>Solda·</strong></span> 
     </span>
     <span class='ocr_line' id='line_1_33' title="bbox 1105 3764 2966 3850; baseline 0.002 -24"><span class='ocrx_word' id='word_1_162' title='bbox 1105 3782 1237 3827; x_wconf 90' lang='lat' dir='ltr'><strong>nus</strong></span> <span class='ocrx_word' id='word_1_163' title='bbox 1278 3764 1631 3843; x_wconf 87' lang='lat' dir='ltr'><strong>Damasci,</strong></span> <span class='ocrx_word' id='word_1_164' title='bbox 1674 3765 2066 3850; x_wconf 83' lang='lat' dir='ltr'><strong>subjugatis</strong></span> <span class='ocrx_word' id='word_1_165' title='bbox 2108 3766 2422 3830; x_wconf 87' lang='lat' dir='ltr'><strong>omnibus</strong></span> <span class='ocrx_word' id='word_1_166' title='bbox 2465 3767 2745 3848; x_wconf 78' lang='lat' dir='ltr'><strong>regibus</strong></span> <span class='ocrx_word' id='word_1_167' title='bbox 2773 3767 2966 3830; x_wconf 90' lang='lat' dir='ltr'><strong>Sara-</strong></span> 
     </span>
     <span class='ocr_line' id='line_1_34' title="bbox 1104 3863 2964 3942; baseline 0.001 -16"><span class='ocrx_word' id='word_1_168' title='bbox 1104 3863 1290 3926; x_wconf 87' lang='lat' dir='ltr'><strong>cenis</strong></span> <span class='ocrx_word' id='word_1_169' title='bbox 1339 3864 1412 3928; x_wconf 89' lang='lat' dir='ltr'><strong>in</strong></span> <span class='ocrx_word' id='word_1_170' title='bbox 1458 3864 1710 3929; x_wconf 89' lang='lat' dir='ltr'><strong>finibus</strong></span> <span class='ocrx_word' id='word_1_171' title='bbox 1754 3865 1969 3930; x_wconf 86' lang='lat' dir='ltr'><strong>totius</strong></span> <span class='ocrx_word' id='word_1_172' title='bbox 2013 3864 2320 3942; x_wconf 85' lang='lat' dir='ltr'><strong>orientis,</strong></span> <span class='ocrx_word' id='word_1_173' title='bbox 2369 3866 2470 3930; x_wconf 89' lang='lat' dir='ltr'><strong>ita</strong></span> <span class='ocrx_word' id='word_1_174' title='bbox 2510 3873 2589 3930; x_wconf 90' lang='lat' dir='ltr'><strong>ut</strong></span> <span class='ocrx_word' id='word_1_175' title='bbox 2633 3867 2964 3931; x_wconf 85' lang='lat' dir='ltr'><strong>diceretur</strong></span> 
     </span>
     <span class='ocr_line' id='line_1_35' title="bbox 1104 3963 2967 4044; baseline 0.002 -18"><span class='ocrx_word' id='word_1_176' title='bbox 1104 3981 1228 4026; x_wconf 81' lang='lat' dir='ltr'><strong>rex</strong></span> <span class='ocrx_word' id='word_1_177' title='bbox 1287 3981 1526 4044; x_wconf 80' lang='lat' dir='ltr'><strong>regum</strong></span> <span class='ocrx_word' id='word_1_178' title='bbox 1589 3971 1664 4030; x_wconf 89' lang='lat' dir='ltr'><strong>et</strong></span> <span class='ocrx_word' id='word_1_179' title='bbox 1734 3963 2050 4032; x_wconf 82' lang='lat' dir='ltr'><strong>dominus</strong></span> <span class='ocrx_word' id='word_1_180' title='bbox 2114 3963 2633 4043; x_wconf 89' lang='lat' dir='ltr'><strong>dominantium,</strong></span> <span class='ocrx_word' id='word_1_181' title='bbox 2701 3986 2851 4030; x_wconf 90' lang='lat' dir='ltr'><strong>cum</strong></span> <span class='ocrx_word' id='word_1_182' title='bbox 2905 3965 2967 4029; x_wconf 87' lang='lat' dir='ltr'><strong>ei</strong></span> 
     </span>
    </p>
   </div>
   <div class='ocr_carea' id='block_1_13' title="bbox 1098 4160 2973 4579">
    <p class='ocr_par' dir='ltr' id='par_1_14' title="bbox 1101 4160 2973 4438">
     <span class='ocr_line' id='line_1_36' title="bbox 1172 4160 2973 4229; baseline 0 -14"><span class='ocrx_word' id='word_1_183' title='bbox 1172 4160 1583 4229; x_wconf 66' lang='lat' dir='ltr'><strong>¹Baldewimoe.]</strong></span> <span class='ocrx_word' id='word_1_184' title='bbox 1640 4165 1878 4222; x_wconf 76' lang='lat' dir='ltr'><strong>Baldwin</strong></span> <span class='ocrx_word' id='word_1_185' title='bbox 1920 4165 2019 4217; x_wconf 81' lang='lat' dir='ltr'><strong>IV.</strong></span> <span class='ocrx_word' id='word_1_186' title='bbox 2070 4171 2197 4216; x_wconf 82' lang='grc'>1168</span> <span class='ocrx_word' id='word_1_187' title='bbox 2232 4166 2425 4229; x_wconf 74' lang='lat' dir='ltr'><strong>Pati-ic,</strong></span> <span class='ocrx_word' id='word_1_188' title='bbox 2460 4167 2565 4216; x_wconf 76' lang='lat' dir='ltr'><strong>carl</strong></span> <span class='ocrx_word' id='word_1_189' title='bbox 2603 4166 2663 4215; x_wconf 76' lang='lat' dir='ltr'><strong>of</strong></span> <span class='ocrx_word' id='word_1_190' title='bbox 2699 4166 2973 4226; x_wconf 73' lang='lat' dir='ltr'><strong>Salisbury,</strong></span> 
     </span>
     <span class='ocr_line' id='line_1_37' title="bbox 1105 4234 2970 4298; baseline -0.001 -13"><span class='ocrx_word' id='word_1_191' title='bbox 1105 4234 1349 4298; x_wconf 84' lang='lat' dir='ltr'><strong>Compare</strong></span> <span class='ocrx_word' id='word_1_192' title='bbox 1383 4235 1623 4284; x_wconf 85' lang='lat' dir='ltr'><strong>Bernard.</strong></span> <span class='ocrx_word' id='word_1_193' title='bbox 1651 4234 2018 4285; x_wconf 78' lang='lat' dir='ltr'><strong>Thesaurarius</strong></span> <span class='ocrx_word' id='word_1_194' title='bbox 2066 4237 2168 4286; x_wconf 83' lang='lat' dir='ltr'><strong>and</strong></span> <span class='ocrx_word' id='word_1_195' title='bbox 2193 4236 2295 4285; x_wconf 85' lang='lat' dir='ltr'><strong>had</strong></span> <span class='ocrx_word' id='word_1_196' title='bbox 2325 4237 2453 4285; x_wconf 88' lang='lat' dir='ltr'><strong>been</strong></span> <span class='ocrx_word' id='word_1_197' title='bbox 2484 4236 2727 4285; x_wconf 82' lang='lat' dir='ltr'><strong>banished</strong></span> <span class='ocrx_word' id='word_1_198' title='bbox 2760 4237 2970 4284; x_wconf 77' lang='lat' dir='ltr'><strong>Poitiers</strong></span> 
     </span>
     <span class='ocr_line' id='line_1_38' title="bbox 1103 4305 2971 4368; baseline 0 -15"><span class='ocrx_word' id='word_1_199' title='bbox 1103 4306 1156 4354; x_wconf 87' lang='lat' dir='ltr'><strong>in</strong></span> <span class='ocrx_word' id='word_1_200' title='bbox 1201 4306 1444 4356; x_wconf 73' lang='lat' dir='ltr'><strong>Mur-ator.</strong></span> <span class='ocrx_word' id='word_1_201' title='bbox 1479 4305 1597 4355; x_wconf 84' lang='lat' dir='ltr'><strong>Rer.</strong></span> <span class='ocrx_word' id='word_1_202' title='bbox 1642 4305 1762 4355; x_wconf 84' lang='lat' dir='ltr'><strong>Ital.</strong></span> <span class='ocrx_word' id='word_1_203' title='bbox 1809 4305 2014 4368; x_wconf 81' lang='lat' dir='ltr'><strong>Scriptt.</strong></span> <span class='ocrx_word' id='word_1_204' title='bbox 2066 4308 2131 4368; x_wconf 80' lang='lat' dir='ltr'><strong>by</strong></span> <span class='ocrx_word' id='word_1_205' title='bbox 2168 4307 2345 4366; x_wconf 77' lang='lat' dir='ltr'><strong>Hem-y</strong></span> <span class='ocrx_word' id='word_1_206' title='bbox 2384 4306 2460 4355; x_wconf 91' lang='lat'><strong>11.</strong></span> <span class='ocrx_word' id='word_1_207' title='bbox 2505 4307 2556 4353; x_wconf 87' lang='lat' dir='ltr'><strong>in</strong></span> <span class='ocrx_word' id='word_1_208' title='bbox 2606 4320 2971 4366; x_wconf 72' lang='lat' dir='ltr'><strong>consequence5</strong></span> 
     </span>
     <span class='ocr_line' id='line_1_39' title="bbox 1101 4375 2973 4438; baseline -0.001 -13"><span class='ocrx_word' id='word_1_209' title='bbox 1101 4375 1190 4425; x_wconf 79' lang='lat' dir='ltr'><strong>vii.</strong></span> <span class='ocrx_word' id='word_1_210' title='bbox 1212 4376 1308 4426; x_wconf 86' lang='lat' dir='ltr'><strong>col.</strong></span> <span class='ocrx_word' id='word_1_211' title='bbox 1328 4379 1443 4425; x_wconf 83' lang='grc'><strong>781.</strong></span> <span class='ocrx_word' id='word_1_212' title='bbox 2065 4377 2327 4438; x_wconf 80' lang='lat' dir='ltr'><strong>Hoveden,</strong></span> <span class='ocrx_word' id='word_1_213' title='bbox 2347 4390 2401 4436; x_wconf 90' lang='lat' dir='ltr'><strong>p.</strong></span> <span class='ocrx_word' id='word_1_214' title='bbox 2424 4378 2537 4424; x_wconf 73' lang='lat'><strong>⁵14.</strong></span> <span class='ocrx_word' id='word_1_215' title='bbox 2968 4385 2973 4389; x_wconf 79' lang='grc'><strong><em>’</em></strong></span> 
     </span>
    </p>

    <p class='ocr_par' dir='ltr' id='par_1_15' title="bbox 1098 4440 2972 4579">
     <span class='ocr_line' id='line_1_40' title="bbox 1169 4440 2972 4513; baseline -0.001 -19"><span class='ocrx_word' id='word_1_216' title='bbox 1169 4441 1192 4474; x_wconf 81' lang='lat'>²</span> <span class='ocrx_word' id='word_1_217' title='bbox 1211 4443 1857 4509; x_wconf 65' lang='lat' dir='ltr'><strong>GnidoundeLiziniaco]</strong></span> <span class='ocrx_word' id='word_1_218' title='bbox 1890 4444 2013 4507; x_wconf 76' lang='lat' dir='ltr'><strong>Guy</strong></span> <span class='ocrx_word' id='word_1_219' title='bbox 2132 4445 2412 4507; x_wconf 55' lang='lat' dir='ltr'><strong>’euuigin</strong></span> <span class='ocrx_word' id='word_1_220' title='bbox 2446 4440 2472 4513; x_wconf 94' lang='grc'>]</span> <span class='ocrx_word' id='word_1_221' title='bbox 2539 4443 2785 4506; x_wconf 77' lang='lat' dir='ltr'><strong>Compare</strong></span> <span class='ocrx_word' id='word_1_222' title='bbox 2836 4445 2972 4493; x_wconf 83' lang='lat' dir='ltr'><strong>Wiu.</strong></span> 
     </span>
     <span class='ocr_line' id='line_1_41' title="bbox 1098 4514 2567 4579; baseline 0.001 -17"><span class='ocrx_word' id='word_1_223' title='bbox 1098 4514 1163 4564; x_wconf 85' lang='lat' dir='ltr'><strong>de</strong></span> <span class='ocrx_word' id='word_1_224' title='bbox 1209 4515 1498 4578; x_wconf 74' lang='lat' dir='ltr'><strong>Lusiguan3</strong></span> <span class='ocrx_word' id='word_1_225' title='bbox 1543 4515 1608 4564; x_wconf 85' lang='lat' dir='ltr'><strong>he</strong></span> <span class='ocrx_word' id='word_1_226' title='bbox 1650 4515 1753 4564; x_wconf 85' lang='lat' dir='ltr'><strong>had</strong></span> <span class='ocrx_word' id='word_1_227' title='bbox 1795 4515 1926 4564; x_wconf 83' lang='lat' dir='ltr'><strong>slain</strong></span> <span class='ocrx_word' id='word_1_228' title='bbox 1960 4515 2011 4564; x_wconf 90' lang='lat' dir='ltr'><strong>in</strong></span> <span class='ocrx_word' id='word_1_229' title='bbox 2061 4516 2180 4578; x_wconf 78' lang='lat' dir='ltr'><strong>Tyr.</strong></span> <span class='ocrx_word' id='word_1_230' title='bbox 2202 4531 2253 4578; x_wconf 86' lang='lat' dir='ltr'><strong>p.</strong></span> <span class='ocrx_word' id='word_1_231' title='bbox 2277 4519 2567 4579; x_wconf 68' lang='lat' dir='ltr'><strong>103⁷,oeqq.</strong></span> 
     </span>
    </p>
   </div>
  </div>
 </body>
</html>
