3457 5887
1105 800 1238 867 436
1602 817 1870 866 nocam
1918 816 2010 863 nn
2055 815 2468 864 wal-movim

790 989 1034 1031 A·1>-¹¹³⁰·
1109 981 1346 1039 tanum
1405 973 1870 1058 impediretur,
1929 974 2003 1038 in
2055 991 2211 1036 eum
2257 978 2590 1055 tanquam
2634 972 2704 1035 in
2746 970 3001 1036 Domi-

1109 1075 1282 1138 nicae
1323 1074 1546 1138 crucis
1595 1081 1666 1138 et
1711 1074 1925 1139 totius
1974 1072 2386 1136 Christianae
2438 1070 2780 1152 religionis
2822 1072 3000 1135 sub-

1108 1193 1454 1239 versorem
1486 1173 1896 1238 auctoritate
1924 1171 2180 1236 domini
2215 1190 2414 1254 papae
2435 1171 2839 1236 sententiam
2855 1189 2993 1234 ex-

1109 1273 1744 1337 communicationis
1790 1270 2356 1354 promulgarent3
2425 1270 2797 1352 statimfflie
2836 1288 2996 1333 car-

1109 1371 1359 1436 dinalis
1416 1371 1826 1437 sententiam
1869 1370 2033 1435 tulit
2079 1370 2150 1434 in
2200 1388 2461 1446 omnes,
2510 1376 2655 1434 tam
2707 1368 2998 1433 clericos

1108 1490 1315 1555 quam
1339 1471 1576 1549 laicos,
1609 1491 1733 1554 per
1759 1490 1934 1553 quos
1963 1476 2179 1534 staret
2201 1489 2341 1552 quo
2369 1469 2598 1532 minus
2625 1486 2765 1551 pax
2792 1468 2995 1532 fieret

1106 1571 1284 1635 inter
1320 1590 1541 1653 regeS,
1575 1570 1789 1636 salvis
1823 1567 2296 1634 tantummodo
2334 1567 2691 1634 eorundem
2733 1587 2983 1651 regum

1104 1688 1436 1754 personis.

1140 1843 1430 1931 Epistola
1445 1844 1585 1929 filii
1611 1844 1984 1909 marchionis
2010 1842 2085 1909 do
2109 1843 2483 1930 mre-ssione
2510 1852 2683 1907 teme
2711 1849 2947 1905 wuda.

788 1991 996 2033 maor
1214 1973 1235 2004 ‘
1257 1963 1770 2034 Cantuariensi¹
1803 1968 2315 2053 archiepiscopo
2348 1966 2776 2042 Baldewino,
2808 1963 2998 2028 Con-

793 2042 957 2132 32¹?
1115 2068 1351 2147 radus,
1388 2067 1575 2133 filius
1622 2068 2037 2133 marchionis
2087 2068 2171 2131 de
2211 2067 2486 2132 Monte·
2493 2065 2840 2141 Ferrario,
2878 2082 2998 2127 sa-

793 2139 1100 2240 frffnf'ffi’cfnhssr
1114 2169 1353 2234 lutem.
1464 2167 1861 2232 Turbantur
1914 2168 2252 2231 elementa
2304 2174 2376 2230 et
2427 2164 2788 2230 catholicae
2836 2162 2997 2226 fidei

793 2241 1066 2292 ‘mm'
1114 2268 1509 2351 derogatur,
1553 2286 1708 2331 cum
1750 2267 1947 2331 sedes
1987 2266 2625 2380 Hierosolymitana
2661 2261 2995 2346 apostoli-

1112 2387 1214 2432 cae
1271 2367 1417 2432 sedi
1465 2366 1912 2431 subtrahitur.
2014 2364 2233 2430 Periit
2273 2365 2451 2429 enim
2504 2362 2996 2445 Hierosolyma

1113 2474 1185 2532 et
1247 2466 1496 2531 inertia
1549 2466 2095 2530 Christianorum
2146 2484 2190 2528 a
2246 2463 2608 2529 Saracenis
2660 2461 2997 2527 vilissime

1112 2573 1615 2650 pertractatur3
1683 2564 1951 2629 foedant
2016 2583 2312 2647 namque
2374 2562 2799 2629 Dominicum
2870 2580 2992 2624 se-

1112 2665 1498 2749 pulchrum,
1557 2664 1922 2729 destruunt
1983 2663 2323 2730 Calvariae
2365 2662 2613 2738 locum,
2657 2660 2987 2724 nativita-

1115 2772 1253 2829 tem
1294 2763 1551 2830 Christi
1585 2770 2053 2841 contemnunt,
2078 2770 2150 2827 et
2177 2763 2400 2827 beatae
2427 2759 2710 2844 virginis
2734 2759 2991 2823 Mariae

1115 2862 1465 2928 eradicant
1514 2856 2030 2947 'sepulchrum3
2102 2862 2299 2926 sedes
2356 2858 2994 2941 Constantinopoli-

1117 2973 1285 3029 tana
1311 2963 1646 3029 Romanoe
1690 2963 1838 3028 sedi
1881 2962 2139 3027 nullam
2178 2961 2458 3027 exhibet
2488 2960 2942 3026 reverentiam
2971 2980 2993 3038 ;

1119 3061 1551 3128 Antiochena
1596 3062 1868 3145 quidem
1915 3062 2230 3126 laborare
2281 3061 2705 3144 dignoscitur
2748 3060 2822 3123 in
2871 3078 2995 3122 ex-

1117 3162 1378 3227 tremis.
1479 3161 1659 3227 Haec
1702 3169 1932 3227 autem
1977 3161 2205 3226 omnia
2237 3158 2783 3225 Christianorum
2830 3177 2995 3223 nos·

1117 3269 1367 3327 cuntur
1424 3260 1687 3326 desidia
1731 3261 2128 3343 contigisse.
2230 3259 2565 3342 Lugenda
2610 3265 2719 3322 est
2760 3264 2995 3322 autem

1118 3362 1365 3425 civitas
1432 3360 1870 3426 Hierusalem
1937 3368 2181 3425 sancta
2251 3367 2460 3443 atque
2525 3355 2998 3433 lamentanda,

1119 3480 1278 3545 quae
1335 3460 1479 3524 suis
1529 3460 1905 3538 ‚cultoribus
1967 3459 2286 3543 spoliata,
2335 3459 2454 3523 ubi
2495 3457 2815 3523 Christus
2874 3477 3001 3539 per

1119 3559 1325 3625 horas
1387 3559 1523 3624 diei
1578 3579 1660 3625 ac
1714 3559 1938 3625 noctis
2008 3559 2419 3624 constitutas
2473 3557 2999 3640 deprecabatur,

1118 3678 1301 3723 nunc
1349 3658 1709 3725 Mahumet
1751 3657 2028 3724 excelsa
2074 3677 2244 3724 voce
2294 3656 2639 3723 laudatur.
2720 3655 2994 3720 Vestrae

1115 3756 1329 3840 igitur
1375 3758 1766 3824 celsitudini
1816 3777 2051 3842 preces
2099 3777 2254 3823 cum
2294 3757 2663 3841 lachrymis
2707 3755 2985 3838 pon-ign

1116 3855 1330 3934 fusas,
1358 3863 1698 3938 quatenus
1741 3858 2209 3923 calamitatum
2243 3865 2442 3922 terrae
2487 3863 2733 3920 sanctae
2772 3853 2984 3916 mise-

1117 3954 1249 4018 reri
1299 3953 1697 4036 dignemini,
1753 3963 1833 4020 ut
1887 3953 2286 4022 confortetis
2337 3975 2560 4038 reges,
2612 3972 2991 4020 commone-

1117 4054 1253 4119 atis
1307 4052 1567 4131 fideles,
1631 4062 1735 4132 ut,
1800 4056 2084 4121 canibus
2130 4056 2440 4140 expulsis
2489 4075 2534 4119 a
2584 4052 2993 4138 patrimonio

1117 4152 1164 4217 J
1170 4172 1292 4218 esu
1338 4145 1620 4231 Christi,
1662 4155 2191 4220 misericorditer
2240 4155 2675 4231 subveniant,
2722 4150 2998 4216 vincula

1118 4254 1418 4332 solvant,
1449 4261 1528 4319 ut
1571 4262 1756 4320 terra
1796 4255 2055 4320 sanctis
2097 4254 2381 4339 pedibus
2428 4253 2814 4318 Salvatoris
2856 4250 2998 4315 cal-

1186 4519 1608 4585 ¹Cnntaarien⁸LJ
1656 4521 1901 4584 Compare
1937 4522 2026 4571 Di·
2057 4520 2068 4663 Ι
2152 4515 2550 4588 ’δφιῑεὶιηοιιᾹ
2581 4523 2601 4550 ‘
2618 4521 2684 4570 de
2716 4520 2859 4569 valle*
2886 4519 3006 4569 Joc-

1112 4596 1241 4654 ceto,
1263 4592 1359 4641 col.
1382 4596 1497 4642 642.
2084 4592 2239 4653 aphat
2253 4592 2289 4653 ς’
2319 4593 2516 4641 Diceto.
