3457 5887
902 821 1174 870 nonus
1220 822 1751 871 msromAmm.
2176 808 2264 872 33

387 975 816 1055 gorniensem
845 998 1099 1061 pagum
1127 978 1563 1061 praedabatur
1586 999 1604 1057 ;
1651 977 1772 1043 sed
1807 997 1962 1042 cum
1985 977 2263 1060 Wigor-
2285 992 2393 1032 M>-
2413 994 2522 1034 1⁰⁸⁸-

385 1074 573 1137 niam
609 1076 897 1142 infestus
923 1079 1247 1155 venisset,
1282 1079 1452 1159 regii
1484 1077 1758 1152 militeS,
1789 1078 2256 1142 benedictione

390 1165 606 1237 ¹beati
632 1175 933 1239 Wlstani
963 1178 1285 1259 episcopi,
1316 1177 1426 1241 cui
1460 1177 1669 1240 castri
1715 1176 2026 1240 custodia
2068 1196 2253 1240 com-

382 1271 592 1335 missa
634 1272 881 1352 suerat,
923 1276 1104 1351 freti,
1143 1277 1377 1340 multis
1420 1276 1716 1340 hostium
1767 1276 1988 1357 captis
2032 1283 2104 1339 et
2144 1276 2251 1338 in-

380 1370 707 1449 terfectiS,
736 1374 938 1456 pauci
967 1376 1218 1438 multos
1240 1376 1533 1457 turpiter
1564 1374 1970 1455 effugarunt.
2034 1374 2251 1455 Hugo

378 1468 605 1550 Bigod
640 1474 821 1554 apud
858 1473 927 1537 N
931 1475 1278 1551 orwicum,
1312 1481 1381 1537 et
1415 1474 1631 1554 Hugo
1661 1473 1745 1536 de
1780 1471 2248 1537 Grantemenil

374 1569 560 1649 apud
585 1563 1085 1650 ²Leircestram,
1119 1573 1262 1635 suis
1292 1573 1582 1655 quisque
1620 1572 1955 1654 partibus,
1989 1573 2248 1654 rapinis

374 1666 843 1750 indulgebant.

468 1838 761 1918 Quomodo
789 1865 897 1906 rex
942 1843 1281 1908 Willehnus
1307 1842 1375 1905 in
1407 1842 1727 1906 deser-toros
1753 1863 1887 1906 suos
1915 1842 2144 1906 ⁴00oean

1038 1943 1268 2006 direxit
1291 1952 1347 2005 et
1374 1963 1574 2004 ama.

439 2058 736 2128 Videns³
762 2067 972 2147 igitur
1000 2086 1128 2130 rex
1146 2066 1533 2130 Willelmus
1567 2084 1802 2128 omnes
1823 2056 2017 2146 paene
2040 2064 2234 2145 regni
2257 2073 2539 2166 ἔξω

361 2179 678 2241 proceres
719 2165 790 2226 in
822 2185 961 2228 una
1002 2166 1189 2229 rabie
1233 2165 1681 2245 conspiratos»,
1716 2162 1985 2244 Anglos
2019 2164 2231 2226 fortes

365 2267 438 2323 et
476 2263 725 2342 probos
769 2264 1113 2339 invitavit,
1142 2264 1385 2345 quibus
1432 2263 1646 2326 bonas
1686 2261 1870 2342 leges
1909 2268 1980 2325 et
2019 2262 2235 2325 tribu-

362 2364 590 2422 torum
636 2360 943 2426 levamen
1005 2363 1385 2443 liberasque
1444 2361 1772 2442 pollicens
1832 2360 2230 2423 venationes

361 2457 492 2520 sibi
540 2459 626 2522 ad
678 2460 873 2524 fidele
922 2461 1273 2524 servitium
1325 2459 1679 2541 obligavit.
1785 2456 1934 2521 Nec
1985 2458 2227 2521 minori

357 2558 614 2621 astutia
638 2557 988 2641 Rogerum
1010 2560 1095 2623 de
1115 2557 1757 2622 Monte-Gomerico
1785 2575 2014 2619 secum
2034 2558 2224 2639 equi-

356 2661 612 2719 tantem
646 2660 1109 2734 circumvenit,
1141 2658 1370 2721 dicens
1405 2675 1480 2720 se
1513 2656 1803 2720 libenter
1832 2674 2040 2736 regno
2074 2675 2220 2719 ces-

353 2772 613 2831 surum,
643 2758 702 2819 si
734 2758 865 2820 sibi
898 2767 968 2822 et
991 2757 1167 2833 aliie,
1202 2776 1374 2838 quos
1406 2763 1602 2837 pater
1631 2763 1893 2820 tutores
1926 2754 2033 2816 sui
2064 2754 2220 2817 reli-

351 2861 620 2933 querat,
646 2856 811 2918 utile
837 2857 1217 2933 videretur3
1252 2856 1312 2918 si
1331 2855 1566 2931 velint,
1592 2853 1919 2936 pecunias
1936 2852 2045 2915 vel
2068 2871 2220 2934 pos-

353 2953 693 3017 sessiones
738 2975 860 3037 pro
921 2975 1047 3019 suo
1093 2955 1371 3019 arbitrio
1416 2955 1779 3036 accipiant,
1825 2961 1895 3017 et
1941 2972 2219 3034 prorsus

352 3069 780 3134 quaecunque
834 3054 1174 3118 voluerint
1231 3055 1302 3117 in
1358 3073 1570 3134 regno
1619 3072 1745 3134 pro
1792 3051 2216 3133 beneplacito

349 3167 481 3212 suo
512 3150 915 3232 disponant3
948 3151 1417 3216 tantummodo
1450 3151 1723 3216 videant
1757 3170 1841 3213 ne
1875 3151 2213 3232 periclite-

346 3253 466 3310 tur
500 3249 833 3331 judicium
873 3251 1223 3332 genitoris,
1256 3251 1437 3334 quod
1481 3250 1539 3312 si
1572 3249 1654 3312 de
1689 3268 1765 3312 se
1799 3248 2214 3331 judicaverit

341 3349 931 3425 contemnendum,
998 3350 1384 3431 exemplum
1445 3355 1734 3412 caveant
1794 3347 1877 3411 de
1939 3349 2205 3429 seipsis,

338 3447 686 3529 praecipue
717 3467 870 3512 cum
901 3448 1078 3512 idem
1110 3468 1184 3512 se
1217 3467 1445 3528 regem
1479 3448 1596 3529 qui
1638 3445 1918 3510 comites
1953 3447 2205 3510 consti-

338 3545 476 3608 tuit
508 3546 682 3612 illos.
786 3547 922 3610 His
956 3547 1180 3612 verbis
1210 3566 1436 3611 comes
1469 3545 1784 3627 Rogerus
1824 3546 2203 3620 convictus,

335 3644 459 3724 qui
503 3647 772 3726 primus
834 3655 991 3728 post
1054 3646 1361 3709 Odonem
1425 3646 1627 3728 hujus
1686 3643 2004 3707 factionis
2062 3643 2202 3724 sig-

333 3741 515 3805 nifer
540 3742 690 3822 suit,
718 3745 976 3827 primus
1014 3747 1309 3809 omnium
1354 3743 1761 3827 poenitentia
1798 3742 2043 3805 ductus
2085 3741 2202 3804 de-

331 3839 521 3906 fecit.
622 3842 965 3908 Continuo
1026 3844 1235 3925 igitur
1292 3864 1414 3907 rex
1475 3843 1547 3905 in
1608 3842 1986 3905 desertores
2040 3860 2202 3904 suos

328 3942 680 4021 profectus
708 3944 993 4007 castella
1024 3943 1251 4025 patrui
1282 3943 1388 4006 sui
1414 3942 1676 4005 Odonis
1714 3940 2038 4022 episcopi,
2057 3939 2199 4002 Tu-

328 4040 674 4123 nebregge
717 4043 977 4106 scilicet
1012 4049 1081 4105 et
1112 4041 1508 4117 Pevenesel,
1539 4039 1912 4120 confregit3
1946 4045 2016 4101 et
2047 4039 2198 4121 ipso

327 4139 654 4223 episcopo
686 4142 759 4204 iu
799 4142 1159 4224 posteriori
1202 4142 1578 4221 intercepto
1610 4137 1898 4203 vinculis
1942 4138 2197 4200 manci·

399 4303 415 4336 ¹
442 4309 589 4357 Beati
618 4308 876 4371 Wlstam‘]
926 4309 986 4357 In
1030 4309 1236 4357 Malms-
1357 4306 1379 4335 ¹
1396 4300 1777 4374 hir-cestrum]
1811 4306 1829 4334 ⁴
1849 4299 2198 4365 Leucestram,’

323 4373 495 4440 bury's
527 4378 615 4427 lise
652 4378 710 4426 os
723 4378 973 4440 Wulstan‚
1006 4379 1046 4428 it
1079 4379 1122 4427 is
1155 4392 1235 4429 as·
1293 4380 1353 4427 C.

324 4448 491 4496 serted
508 4448 616 4496 that
635 4447 697 4496 he
719 4448 838 4496 died
860 4462 923 4495 on
944 4448 1027 4496 the
1045 4447 1160 4496 loth
1182 4446 1240 4496 of
1354 4444 1377 4477 ⁸
1403 4446 1581 4495 Videas
1602 4438 1808 4512 igitur]
1844 4443 2087 4504 Compare
2110 4441 2195 4489 the

320 4517 550 4579 Jauuary
577 4521 720 4566 1087.
792 4517 940 4578 Upon
971 4517 1070 4566 this
1099 4531 1234 4565 error
1284 4521 1497 4565 account
1517 4515 1773 4576 following
1794 4513 1915 4561 with
1942 4511 2198 4573 Malmsb„

324 4599 409 4635 we
430 4586 583 4648 Angl.
606 4587 746 4636 Sacr.
770 4586 825 4636 ii.
849 4602 901 4648 p.
925 4590 1038 4649 26⁷,
1059 4590 1183 4636 note.
1283 4586 1382 4635 and
1405 4585 1680 4635 Ordcricus
1700 4582 1902 4644 vitalis,
1922 4596 1975 4642 p.
1996 4583 2110 4630 667.

425 4676 578 4724 voh.
628 4676 701 4723 11.
1854 4674 1899 4718 D
