3457 5887
916 830 1188 877 nones
1236 829 1769 882 ms‘romAntm.
2151 824 2276 887 241

393 986 686 1051 millibus
742 987 1050 1071 equitum
1106 990 1543 1054 loricatorum
1590 998 1659 1054 et
1705 991 1790 1055 de
1835 1001 2034 1057 tanta
2078 995 2265 1077 pedi·
2301 1010 2406 1051 Μ).
2433 1014 2539 1054 ¹1⁴⁶.

391 1094 534 1150 tum
564 1107 790 1165 manu,
826 1109 1115 1171 quorum
1148 1098 1298 1153 erat
1323 1091 1521 1173 quasi
1566 1111 1888 1155 numerus
1933 1093 2267 1172 infinituS,

392 1194 468 1250 ut
522 1188 643 1250 vix
692 1187 956 1252 decima
1016 1207 1177 1270 pars
1234 1190 1578 1267 evaderet,
1634 1190 1788 1254 aliis
1849 1192 2051 1271 fame,
2112 1195 2266 1258 aliis

389 1286 643 1367 gladio,
664 1288 1010 1352 nonnullis
1037 1288 1240 1352 etiam
1274 1289 1564 1353 vinculis
1592 1291 2021 1372 mancipatis·
2084 1293 2263 1358 Eva·

388 1386 478 1449 sit
513 1393 743 1451 tamen
774 1389 1147 1469 imperator
1175 1407 1330 1451 cum
1370 1390 1607 1470 paucis
1647 1391 2071 1473 principibus
2118 1395 2263 1458 suis

387 1494 457 1549 et
511 1505 665 1549 cum
720 1486 1120 1552 difficultate
1181 1488 1389 1551 nimia
1451 1488 1761 1552 Nicaeam
1823 1511 2040 1573 usque
2106 1513 2263 1574 per-

388 1585 574 1649 venit
631 1586 715 1649 ad
769 1587 1028 1664 urbem,
1079 1587 1368 1669 indeque
1403 1587 2067 1672 Constantinopolim
2099 1612 2261 1675 pro-

388 1682 604 1748 fectus
663 1686 756 1748 ibi
806 1706 1023 1770 usque
1074 1687 1160 1750 ad
1206 1688 1554 1770 sequentis
1599 1689 1868 1753 initium
1917 1692 2097 1755 veris
2140 1712 2260 1774 pe-

392 1784 795 1850 rendinavit.

528 1960 710 2034 Quod
734 1961 894 2024 idem
918 1963 1247 2046 imperator
1276 1985 1465 2048 reyem
1492 1964 1883 2028 Francorum
1914 1973 1968 2026 et
1996 1963 2123 2047 ejus

937 2063 1256 2126 exercitum
1285 2063 1701 2126 circumvenit.

493 2183 698 2248 Anno
743 2186 1019 2250 Domini
1075 2204 1404 2252 mcxnvn.
1451 2188 1826 2270 imperator
1880 2186 2522 2264 Conradusfflmm.

394 2283 636 2366 hyeme
699 2293 1109 2363 transversa,
1168 2287 1457 2351 navibus
1515 2287 1839 2351 devectus
1905 2306 2090 2349 cum.
2118 2288 2261 2350 suis
2283 2256 2500 2347 οιῖιῗῖῗα

392 2391 664 2466 portum
711 2386 943 2467 attigit
993 2385 1493 2462 Achonensem,
1537 2394 1608 2450 et
1651 2386 1808 2448 inde
1854 2385 2261 2469 Hierosoly·
2284 2358 2532 2398 πωπω

390 2502 569 2546 mam
603 2484 947 2565 profectus
993 2504 1034 2549 a
1065 2506 1224 2567 rege
1261 2485 1686 2562 Baldewino,
1733 2485 1915 2549 clero
1960 2485 2260 2549 civitatis

388 2601 467 2646 ac
532 2584 811 2667 populo,
866 2604 1022 2648 cum
1082 2585 1353 2668 hymnis
1400 2593 1470 2649 et
1518 2585 1800 2649 laudum
1855 2585 2140 2647 canticis
2188 2585 2258 2648 in

382 2690 689 2747 sanctam
725 2684 1121 2766 perducitur
1147 2686 1515 2749 civitatem.
1592 2678 1787 2763 ¹Quo
1820 2685 2058 2767 utique
2087 2692 2259 2748 tem·

384 2801 547 2864 pore
594 2781 1024 2860 LodowicuS,
1083 2804 1208 2848 rex
1265 2785 1712 2862 Francorum,
1780 2785 2256 2865 imperatorem

382 2890 683 2960 secutus,
728 2890 887 2971 post
928 2883 1172 2966 longos
1222 2884 1353 2948 viae
1396 2885 1663 2949 labores
1708 2884 1796 2948 ad
1842 2883 2023 2947 vada
2057 2882 2258 2947 Men-

385 2981 581 3044 andri
615 3001 769 3045 cum
802 2984 1244 3065 septuaginta
1272 2984 1568 3048 millibus
1602 2985 2046 3049 loricatorum
2080 2984 2257 3046 mili-

388 3088 561 3158 tum,
605 3089 856 3163 praeter
894 3082 1177 3147 classem
1223 3103 1377 3165 quae
1422 3104 1575 3148 eum
1620 3084 2060 3166 sequebatur,
2110 3103 2257 3165 per-

384 3180 619 3260 venit;
677 3182 815 3258 ubi,
877 3181 1159 3246 Francis
1205 3182 1523 3247 accedere
1567 3183 1654 3247 ad
1699 3202 1916 3266 aquas
1961 3182 2252 3248 volenti-

381 3280 538 3357 bus,
590 3300 680 3343 ex
735 3282 1026 3345 adversa
1076 3281 1375 3346 fluminis
1424 3283 1573 3364 ripa
1624 3283 1855 3346 hostes
1898 3283 2251 3347 inveniunt

379 3379 718 3456 infideles,
751 3381 869 3463 qui
913 3400 1111 3464 aquae
1156 3400 1354 3445 usum
1399 3382 1498 3445 eis
1544 3390 1614 3445 et
1645 3383 2006 3445 transitum
2044 3382 2252 3445 inter-

375 3478 607 3543 dicere
672 3482 1102 3562 satagebant,
1162 3481 1282 3545 sed
1337 3481 1533 3544 vadis
1593 3481 1863 3544 demum
1932 3481 2248 3558 inventis,

371 3578 689 3643 hostibus
739 3580 976 3645 invitis
1016 3588 1085 3644 et
1128 3581 1437 3664 pluribus
1481 3582 1630 3645 neci
1675 3580 1944 3645 traditis
1987 3600 2067 3645 ac
2097 3582 2247 3644 vin-

370 3679 549 3742 culis
614 3680 1023 3762 quibusdam
1081 3681 1513 3762 mancipatis,
1587 3700 1822 3744 omnes
1882 3680 1955 3743 in
2015 3680 2246 3761 fugam

372 3776 819 3861 compellunt,
855 3788 925 3844 et
968 3800 1200 3843 eorum
1236 3780 1458 3862 spolia
1500 3781 1843 3861 rapientes
1879 3780 2039 3844 facti
2085 3788 2247 3843 sunt

365 3878 453 3941 de
488 3879 775 3943 victoria
804 3879 1118 3943 laetiores.
1224 3878 1395 3943 Inde
1430 3878 1843 3943 Laodiceam
1891 3886 2247 3943 transeun-

367 3985 478 4041 tes
509 3985 804 4042 montem
838 3980 1176 4061 quendam
1230 3979 1517 4043 arduum
1563 3987 1633 4044 et
1678 3998 1970 4042 ascensu
2010 3978 2244 4042 diffici-

362 4076 506 4141 lem
564 4077 633 4140 in
686 4079 929 4143 itinere
982 4087 1418 4161 repererunt;
1484 4086 1634 4143 erat
1683 4086 1913 4142 autem
1959 4097 2244 4141 consue-

366 4176 541 4241 tudo
579 4177 1021 4256 Francorum,
1050 4187 1127 4243 ut
1156 4180 1487 4262 quosdam
1533 4179 1617 4242 de
1660 4178 2040 4242 illustribus
2080 4178 2244 4242 viris

366 4277 828 4359 assignarent,
860 4280 976 4361 qui
1014 4280 1289 4360 agmina
1324 4279 1668 4361 praeirent,
1698 4286 1793 4354 et,
1824 4278 1940 4360 qui
1977 4296 2020 4340 a
2049 4285 2243 4358 tergo

365 4386 840 4459 sequerentur,
890 4379 977 4441 ad
1040 4379 1419 4442 custodiam
1469 4377 1762 4440 imbellis
1806 4376 2042 4459 populi
2095 4396 2241 4438 sar—

439 4551 582 4610 ¹Quo
622 4556 786 4620 utique
829 4552 1092 4625 tempora]
1138 4556 1278 4605 will.
1326 4560 1498 4605 events
1519 4555 1577 4603 of
1602 4555 1703 4603 this
1737 4554 1943 4615 chapter
1976 4554 2134 4602 under
2159 4553 2242 4601 the

358 4624 487 4685 Tyr.
534 4640 585 4686 p.
627 4630 759 4687 ⁹⁰53
812 4627 927 4676 who
983 4628 1154 4689 places
1196 4626 1280 4675 the
1330 4640 1450 4686 year
1471 4629 1613 4674 114⁵.

451 4716 611 4763 voh.
647 4717 724 4764 11.
1899 4714 1945 4760 R
