3457 5887
901 1003 1013 1045 Am.
1033 1005 1143 1046 110⁸.

1216 814 1348 879 42⁰
1721 828 1987 877 uocum
2034 827 2128 875 nn
2170 825 2582 874 wunnovnn

1219 984 1504 1050 Thomae
1532 983 1853 1068 martyris
1883 983 2281 1061 offeruntur,
2321 982 2797 1049 monachorum
2838 982 3083 1047 usibus

1219 1103 1569 1162 concessa,
1644 1090 1892 1167 quarta
1968 1083 2249 1149 fabricis
2341 1083 2649 1148 ecclesiae
2719 1084 3073 1166 deputata,

1222 1192 1472 1267 quarta
1521 1184 1934 1266 pauperibus
1978 1188 2288 1265 erogata,
2330 1190 2646 1267 quartam
2703 1183 3082 1264 portionem

1221 1281 1428 1348 liceat
1458 1282 1582 1347 tibi
1616 1283 1688 1346 in
1713 1281 1889 1346 alios
1925 1301 2092 1346 usus
2125 1283 2338 1346 bonos
2379 1302 2503 1365 pro
2538 1289 2680 1346 tuae
2711 1280 3080 1345 voluntatis

1219 1382 1508 1447 arbitrio
1542 1381 1873 1464 erogare?

1433 1553 1609 1634 Quod
1635 1551 1887 1637 Sybilla
1915 1553 1984 1618 in
2011 1552 2286 1639 reqinam
2311 1552 2869 1638 Hierosolymorum

1989 1663 2327 1719 cormaatwr.

1310 1772 1541 1844 Circa¹
1575 1778 1720 1843 dies
1748 1779 1944 1856 istos,
1976 1778 2370 1842 Baldewino
2395 1797 2613 1860 puero
2641 1796 2798 1859 rege
2827 1774 3074 1840 Hiero·

1220 1876 1639 1961 solymarum
1668 1877 2013 1956 defuncto,
2048 1897 2184 1942 non
2222 1884 2371 1942 erat
2411 1877 2534 1960 qui
2571 1877 2636 1941 ei
2680 1877 2751 1940 in
2796 1894 3076 1955 reguum

1220 1977 1640 2055 succederet,
1697 1983 1948 2059 praeter
2002 1976 2350 2060 Sybillam,
2411 1996 2703 2041 uxorem
2751 1973 3081 2040 Gnidonis

1221 2077 1490 2141 comitis
1524 2076 1571 2140 J
1576 2077 1918 2159 oppensis,
1966 2095 2120 2159 quae
2171 2096 2366 2141 soror
2411 2084 2565 2141 erat
2612 2075 2800 2158 regis
2838 2073 3083 2156 leprosi

1221 2182 1294 2239 et
1339 2176 1521 2257 regis
1570 2175 1765 2258 pueri
1812 2195 2027 2258 nuper
2073 2175 2375 2241 defuncti
2415 2184 2680 2255 mater3
2739 2173 2867 2238 sed
2913 2192 3084 2256 quo-

1221 2273 1406 2338 niam
1456 2282 1723 2358 tempus
1760 2275 2085 2351 instabat,
2126 2282 2206 2339 ut
2241 2283 2501 2358 treugae
2546 2274 2727 2339 inter
2773 2272 3084 2337 Salaadi-

1219 2391 1383 2437 num
1427 2380 1498 2437 et
1544 2374 1872 2457 populum
1914 2372 2375 2439 Christianum
2421 2375 2814 2439 constitutae
2865 2372 3086 2435 solve-

1219 2480 1478 2549 rentur,
1527 2474 1719 2554 regni
1758 2474 2059 2555 provisio
2089 2472 2241 2557 jam
2286 2474 2360 2537 in
2401 2481 2593 2538 arcto
2632 2473 2861 2556 posita
2906 2478 3082 2548 erat,

1217 2590 1343 2634 nec
1401 2570 1656 2635 differri
1716 2572 1942 2654 potuit
2004 2574 2170 2655 quin
2241 2573 2326 2637 de
2395 2573 2579 2637 illius
2642 2571 3078 2637 ordinatione

1214 2668 1400 2734 illico
1454 2676 1892 2735 tractaretur.
2010 2671 2405 2738 convocato
2458 2672 2663 2755 igitur
2713 2689 3078 2753 procerum

1216 2767 1530 2847 concilio,
1569 2769 1643 2832 in
1680 2769 1811 2834 hoc
1846 2772 2104 2852 pariter
2137 2779 2647 2859 consenserunt,
2677 2777 2754 2834 ut
2782 2769 3075 2852 sybilla,

1216 2864 1555 2931 Gnidonis
1584 2887 1786 2948 uxor,
1813 2876 2140 2955 tanquam
2170 2870 2387 2937 haeres
2424 2871 2809 2956 justissima
2839 2888 3082 2951 regum

1214 2967 1697 3058 praedictorum
1765 2978 2205 3035 coronaretur
2262 2972 2336 3035 in
2404 2972 2734 3054 reginam,
2781 2976 2855 3034 et
2903 2968 3078 3032 Gui-

1216 3065 1486 3145 donem,
1533 3069 1653 3150 qui
1695 3087 1912 3150 regno
1954 3059 2368 3135 insufficiens
2413 3057 2563 3135 erat
2610 3068 2933 3152 regendo,
2969 3088 3080 3132 so-

1215 3164 1530 3230 lemniter
1586 3163 1998 3250 repudiaret.
2126 3169 2421 3252 Respuit
2480 3170 2744 3254 Sybilla
2790 3186 3077 3250 reguum

1215 3263 1347 3328 sibi
1389 3267 1516 3329 sub
1554 3266 1681 3330 tali
1723 3267 2111 3334 conditione
2148 3269 2476 3347 oblatum,
2513 3270 2730 3333 donec
2765 3287 3080 3351 proceres

1215 3361 1288 3428 id
1325 3364 1738 3445 generaliter
1778 3366 1879 3430 illi
1921 3376 2403 3437 concesserunt
2438 3376 2509 3433 et
2529 3370 2927 3453 juramento
2970 3367 3081 3429 fir-

1219 3470 1600 3541 maverunt,
1642 3471 1746 3540 ut,
1792 3484 1994 3548 quem
2040 3467 2192 3550 ipsa
2233 3469 2552 3533 maritum
2586 3467 2898 3550 eligeret,
2936 3486 3081 3530 om-

1221 3580 1343 3625 nes
1386 3562 1520 3644 ipsi
1570 3562 1752 3628 sicut
1791 3565 1939 3646 regi
1984 3566 2375 3648 obedirent3
2430 3566 2660 3631 Guido
2719 3567 2927 3631 etiam
2976 3566 3078 3628 vir

1217 3659 1367 3743 ejus
1425 3662 1826 3744 suppliciter
1880 3665 2296 3746 postulabat,
2349 3686 2442 3734 ne,
2485 3687 2613 3750 pro
2658 3685 2785 3730 suo
2830 3666 3072 3729 damno

1214 3759 1408 3840 regni
1447 3761 1750 3842 provisio
1787 3762 2189 3830 differretur.
2292 3765 2409 3830 Ita
2458 3767 2736 3831 tandem
2777 3784 2922 3829 cum
2968 3764 3075 3834 Ιδι-ἱ

1212 3856 1510 3942 chrymis
1570 3859 2018 3944 adquiescens
2058 3871 2386 3930 coronata
2425 3873 2534 3931 est
2572 3865 2950 3931 solemniter
2992 3864 3072 3927 in

1211 3957 1541 4036 reginam,
1585 3965 1655 4022 et
1714 3961 2017 4025 omnium
2077 3963 2496 4041 fidelitatem,
2542 3965 2844 4029 adhibito
2877 3962 3075 4048 jura·

1210 4062 1463 4132 mento,
1496 4057 1841 4139 suscepit3
1891 4068 1964 4125 et
1996 4060 2225 4127 Guido
2242 4063 2348 4128 vir
2376 4063 2548 4147 ejus,
2582 4063 2734 4128 sine
2765 4082 2886 4146 spe
2912 4082 3074 4126 con-

1201 4152 1393 4237 jugis
1444 4161 1515 4219 et
1558 4157 1777 4237 regni,
1832 4158 1921 4222 ad
1971 4179 2098 4225 sua
2138 4162 2438 4228 divertit.
2541 4161 2924 4228 Nuntiatur
2971 4162 3076 4225 in-

1210 4260 1400 4317 terea
1417 4252 1768 4320 Salaadini
1800 4257 2068 4323 hostilis
2098 4261 2456 4335 adventus.
2476 4263 2660 4346 quod
2695 4282 2822 4327 nec
2852 4280 3074 4325 avere

1278 4429 1297 4462 ¹
1309 4433 1461 4482 Circa
1480 4433 1584 4482 dies
1603 4432 1765 4498 istem]
1795 4434 1903 4484 The
1923 4436 2116 4486 follow-
2164 4438 2387 4489 william
2407 4440 2465 4489 of
2474 4440 2621 4502 Tyro.
2691 4440 2789 4490 See
2813 4439 3076 4503 Michand,

1206 4501 1294 4564 ing
1336 4506 1469 4563 story
1508 4502 1553 4552 is
1592 4505 1864 4554 reeounted
1905 4506 2014 4555 also
2048 4507 2117 4568 by
2162 4507 2218 4558 ii.
2240 4523 2293 4570 p.
2318 4513 2429 4560 ⁸1⁸.

1207 4570 1470 4634 Ηονεᾱειι,
1492 4572 1589 4621 aud
1622 4572 1706 4622 the
1736 4576 2047 4624 continuator
2065 4575 2124 4624 of
