3457 5887
910 795 1188 845 rmus
1232 795 1764 848 msa-omnem«.
2143 781 2276 846 263

396 949 588 1014 uncis
631 948 868 1014 ferreis
917 958 990 1014 et
1034 951 1271 1033 ignitis
1326 970 1448 1033 per
1486 951 1722 1015 oculos
1775 959 1845 1016 et
1887 970 2111 1030 nares,
2152 953 2269 1017 alii
2293 970 2400 1010 Afln
2425 972 2535 1011 usa.

394 1069 517 1132 per
556 1068 757 1113 aures
802 1055 872 1113 et
906 1049 1165 1127 fauces,
1210 1050 1327 1114 alii
1373 1069 1495 1132 per
1541 1051 1897 1117 testiculos
1940 1059 2010 1116 et
2054 1023 2532 1167 mam-{1303}
2529 1022 2587 1112 ''r‘’

393 1149 639 1226 millas,
685 1168 812 1213 nec
869 1148 1050 1214 inter
1098 1149 1300 1214 fletus
1353 1149 1638 1214 miseros
1680 1152 2154 1216 universorum
2200 1159 2269 1217 et

395 1248 695 1332 ejulatus
744 1248 1022 1330 flagella
1067 1250 1453 1314 daemonum
1505 1249 1871 1314 defuerunt
1908 1272 1927 1331 3
1971 1270 2268 1333 cumque

397 1347 682 1416 militem
714 1348 848 1426 hic,
881 1348 1062 1414 sicut
1090 1348 1162 1412 in
1193 1348 1350 1412 aliis
1382 1349 1630 1432 poenis,
1659 1350 1919 1416 inimici
1952 1357 2270 1434 torquere

394 1447 793 1525 voluissent,
849 1467 1092 1514 nomen
1154 1447 1411 1513 Christi
1472 1449 1829 1514 invocavit
1883 1459 1955 1516 et
2004 1451 2267 1515 illaesus

394 1547 637 1613 evasit.

882 1719 885 1722 ,
912 1648 1013 1711 Do
1038 1654 1177 1711 rota
1186 1645 1409 1729 ferrea
1437 1655 1494 1711 a
1521 1648 1744 1732 iquita.

493 1766 608 1834 Ab
647 1770 769 1835 illo
812 1770 1073 1853 poenali
1109 1768 1261 1834 loco
1304 1769 1649 1835 daemones
1696 1769 1979 1835 militem
2025 1771 2266 1855 impel-

394 1869 616 1935 lentes
659 1877 992 1934 venerunt
1051 1869 1138 1932 ad
1193 1876 1417 1934 rotam
1468 1871 1812 1953 quandam
1862 1870 2150 1935 ferream
2196 1879 2267 1935 et

394 1970 708 2051 ignitam,
771 1970 970 2053 cujus
1024 1968 1196 2032 radii
1244 1976 1315 2033 et
1358 1969 1589 2032 canthi
1648 1970 1844 2033 uncis
1897 1968 2132 2034 ferreis
2197 1979 2268 2035 et

402 2068 644 2150 ignitis
692 2074 891 2132 erant
941 2067 1243 2151 undique
1285 2067 1688 2144 circumfixi,
1741 2069 1814 2131 in
1856 2069 2103 2151 quibus
2146 2070 2268 2134 ho-

402 2168 619 2230 mines
674 2166 1048 2250 pendentes
1109 2186 1154 2231 a
1206 2166 1485 2230 flamma
1542 2168 1704 2231 tetri
1786 2168 2270 2251 sulphureique

401 2266 719 2344 incendii,
752 2286 907 2351 quae
950 2286 995 2331 a
1028 2274 1212 2331 terra
1253 2267 1597 2348 surgebat,
1640 2267 1946 2349 graviter
1982 2268 2269 2331 ureban-

403 2372 558 2447 tur,
541 2386 558 2403 ·
620 2365 799 2431 hanc
842 2367 1023 2431 enim
1079 2374 1300 2431 rotam
1337 2365 1679 2430 daemones
1720 2372 1920 2430 tauta
1962 2367 2274 2472 agilitate

399 2466 868 2549 impingebant
899 2466 1206 2531 vectibus
1249 2465 1654 2548 quibusdam
1696 2463 1975 2542 ferreis,
1993 2474 2075 2530 ut
2118 2466 2270 2530 nul-

400 2565 540 2631 lum
583 2567 858 2630 omnino
902 2565 1241 2630 hominem
1279 2567 1368 2629 ab
1419 2565 1557 2629 alio
1611 2566 1835 2648 possis
1865 2566 2267 2643 discernere,

400 2666 567 2748 quia
602 2684 747 2749 prae
781 2667 992 2729 nimia
1033 2684 1274 2730 cursus
1316 2664 1665 2730 celeritate
1707 2665 1872 2728 nihil
1917 2666 2050 2729 nisi
2089 2666 2270 2748 ignis

399 2765 786 2829 incendium
830 2766 1248 2848 apparebat3
1293 2785 1418 2829 nec
1448 2765 1692 2829 minori
1723 2772 2064 2829 tormento
2101 2785 2273 2829 vex-

404 2865 699 2928 abantur
727 2864 823 2941 bi,
847 2884 990 2948 qui,
1005 2865 1302 2929 verubus
1333 2864 1667 2941 transfixi,
1688 2863 1775 2928 ad
1809 2865 2038 2947 ignem
2063 2866 2280 2929 assati

405 2964 943 3047 deguttabantur
1004 2985 1049 3029 a
1105 2965 1527 3029 daemonibus
1575 2984 1664 3030 ex
1711 2964 2009 3029 metallis
2058 2963 2276 3048 lique-

405 3063 633 3141 factiS,
687 3064 799 3129 vel
848 3064 967 3147 qui
1016 3063 1404 3129 fornacibus
1455 3065 1958 3142 cremabantur,
2006 3083 2129 3129 seu
2175 3064 2278 3128 illi

403 3164 526 3246 qui
568 3163 641 3227 in
682 3164 1143 3247 sartaginibus
1172 3164 1619 3246 frigebantur.
1718 3163 1919 3227 Vidit
1948 3171 2281 3247 praeterea

402 3263 630 3342 miles,
680 3263 1107 3329 trahentibus
1160 3283 1314 3328 eum
1374 3263 1705 3328 ministris
1755 3264 2100 3341 tartareis,
2155 3263 2276 3327 do-

401 3382 595 3427 mum
659 3363 1029 3428 innumeris
1096 3363 1419 3429 caldariis
1478 3364 1778 3446 plenam,
1834 3382 2012 3446 quae,
2065 3363 2277 3445 piceis

397 3461 929 3548 sulphureisque
982 3463 1467 3547 liquaminibus
1531 3481 1614 3526 ac
1672 3460 1963 3527 diversis
2015 3463 2277 3545 repleta

396 3562 849 3628 bullientibus
905 3563 1225 3641 metallis,
1287 3562 1593 3627 homines
1651 3563 2008 3645 utriusque
2065 3582 2272 3627 sexus

397 3663 627 3727 omnis
669 3662 1081 3735 conditionis
1122 3669 1194 3727 et
1239 3662 1467 3727 aetatis
1492 3662 1932 3740 continebat;
1985 3681 2272 3745 quorum

397 3761 682 3845 quidam
715 3782 805 3827 ex
832 3769 1004 3840 toto,
1042 3761 1321 3845 quidam
1364 3780 1582 3845 usque
1619 3762 1984 3845 supercilia
2011 3770 2082 3825 et
2112 3780 2274 3826 ocu-

397 3861 538 3939 los,
581 3861 702 3926 alii
749 3881 966 3944 usque
999 3862 1088 3925 ad
1138 3861 1322 3926 labia
1370 3868 1440 3925 et
1489 3862 1691 3939 colla,
1727 3861 1849 3925 alii
1897 3860 1985 3925 ad
2035 3869 2273 3944 pectus

398 3980 627 4044 usque
675 3968 749 4026 et
791 3961 1074 4039 femora,
1116 3961 1238 4026 alii
1279 3961 1368 4024 ad
1408 3980 1638 4042 genua
1678 3980 1896 4044 usque
1938 3967 2010 4024 et
2052 3979 2276 4037 crura,

400 4060 530 4124 alii
572 4080 850 4125 manum
893 4080 1099 4125 unam
1126 4061 1239 4126 vel
1282 4060 1547 4144 pedem,
1590 4059 1709 4124 alii
1754 4061 1990 4125 ambas
2034 4079 2276 4123 manus

399 4167 481 4224 et
529 4159 763 4242 pedes,
809 4161 882 4225 in
923 4161 1241 4225 caldariis
1292 4160 1724 4238 tenebantur,
1750 4168 1821 4224 et
1850 4178 2087 4223 omnes
2132 4177 2278 4242 prae

401 4258 664 4323 doloris
746 4261 1069 4343 angustia
1130 4259 1598 4325 vociferabant
1660 4278 1743 4324 ac
1802 4258 2280 4323 miserabiliter

405 4358 808 4442 ejulabant3
865 4367 957 4438 et,
1005 4380 1163 4424 cum
1205 4360 1575 4443 coepissent
1612 4358 1956 4426 daemones
1994 4358 2275 4422 militem

406 4476 568 4521 cum
608 4458 763 4523 aliis
810 4460 1267 4544 submergere,
1309 4460 1639 4525 liberatus
1689 4466 1797 4523 est
1851 4457 2110 4523 Christi
2155 4475 2279 4519 no·

408 4557 596 4623 mine
626 4559 971 4625 invocato.
