3457 5887
875 818 1150 866 FLORBS
1196 817 1730 867 msronunma.
2127 804 2256 869 173

393 1049 573 1130 Quod
594 1050 779 1117 multi
808 1050 1032 1118 nobiles
1054 1050 1537 1135 Hierosolfflnam
1552 1049 1828 1137 profecti
1855 1048 2253 1136 imperatoris

1059 1152 1194 1216 dolo
1209 1152 1555 1237 perierunt.

473 1274 678 1340 Circa
706 1275 851 1339 dies
886 1275 1059 1340 istos
1102 1275 1302 1338 multi
1346 1274 1606 1338 nobiles
1641 1274 1725 1339 de
1773 1273 2025 1337 finibus
2069 1273 2247 1338 occi·
2275 1289 2382 1329 A-n.
2404 1291 2517 1330 ¹¹⁰³-

365 1373 595 1438 dentis
665 1393 862 1438 cruce
936 1375 1214 1457 signati,
1278 1374 1366 1437 ad
1434 1375 1567 1438 iter
1636 1394 1711 1437 se
1786 1374 2247 1455 accingentes,
2271 1341 2469 1380 cmm*

365 1473 582 1537 duces
631 1473 1012 1537 habuerunt
1055 1474 1318 1538 nobiles
1370 1473 1553 1537 viros
1598 1481 1667 1537 et
1709 1479 2026 1555 potentes
2070 1473 2247 1538 Wil-

364 1571 673 1650 lelmum,
704 1572 1101 1655 Aquitaniae
1134 1573 1407 1650 ducem,
1448 1567 1855 1654 ¹Hug‘onom
1895 1592 2247 1654 magnum,

364 1673 685 1737 comitem
750 1672 1337 1750 Viromadensem,
1395 1673 1514 1754 qui
1575 1692 1794 1755 nuper
1862 1672 1950 1736 ab
2010 1671 2248 1736 eadem

366 1773 920 1855 peregrinatione
977 1773 1295 1849 redierat,
1351 1765 1809 1856 ²Stephanum
1866 1771 2249 1836 Carnoten-

365 1891 515 1935 sem
570 1880 639 1937 et
685 1872 1078 1937 Blesensem
1121 1873 1465 1950 comitem,
1511 1891 1665 1936 cum
1713 1870 2086 1953 Stephano,
2134 1891 2249 1935 co-

363 1971 538 2035 mite
604 1972 1110 2054 Burgundensi.
1224 1971 1325 2034 Hi
1390 1991 1623 2036 omnes
1675 1991 1814 2034 uno
1876 1970 2248 2053 eodemque

365 2070 715 2135 desiderio
767 2073 1035 2136 accensi
1099 2090 1255 2135 cum
1309 2071 1513 2135 turba
1563 2089 1700 2134 nou
1750 2069 2019 2133 modica
2068 2069 2249 2134 Con-

362 2170 897 2253 stantinopolim
946 2177 1454 2252 pervenerunt3
1524 2169 1641 2234 ubi
1702 2170 1790 2232 ab
1842 2168 2250 2252 imperatore

369 2267 635 2333 Alexio
687 2276 1072 2333 reverenter
1137 2269 1257 2332 sed
1330 2268 1567 2332 dolose
1618 2268 1924 2351 suscepti
1971 2269 2250 2335 invene-

369 2375 541 2432 runt
592 2369 688 2432 ibi
732 2369 1046 2433 comitem
1091 2368 1588 2447 Tholosanum,
1619 2368 1765 2451 qui,
1797 2368 2007 2432 semel
2058 2387 2253 2450 pere-

369 2467 767 2550 grinatione
817 2468 1116 2552 incepta,
1155 2488 1502 2552 nunquam
1559 2469 1646 2533 ad
1700 2468 1981 2551 propria
2035 2467 2256 2532 redire

370 2568 787 2650 proposuit3
853 2569 975 2651 qui
1028 2588 1289 2647 omnes,
1350 2576 1624 2654 sumpta
1688 2569 1778 2632 ab
1842 2568 2254 2650 imperatore

367 2667 677 2746 licentia,
710 2667 1028 2733 comitem
1050 2668 1522 2734 Tholosanum
1556 2667 1755 2751 quasi
1778 2666 2253 2750 productorem

369 2766 729 2845 habentes,
748 2769 1039 2833 transito
1065 2768 1545 2851 Hellesponto,
1576 2767 1888 2831 Nicaeam
1910 2767 2254 2850 Bithyniae,

373 2867 621 2930 urbem
671 2868 1072 2951 attigerunt.
1172 2868 1369 2932 Tunc
1418 2868 1791 2951 imperator
1839 2864 2130 2931 Alexius
2187 2873 2258 2931 et

370 2966 693 3048 proditor
747 2967 1225 3051 nequissimus,
1281 2976 1669 3033 nostrorum
1726 2967 2039 3031 invidens
2100 2987 2256 3031 suc-

373 3066 718 3144 cessibus»,
768 3067 1187 3150 principibus
1238 3067 1620 3132 Turcorum
1680 3066 2081 3145 infidelium,
2135 3087 2259 3149 per

373 3184 566 3247 quos
592 3167 933 3249 peregrini
962 3168 1315 3232 transituri
1346 3174 1563 3244 erant,
1581 3166 1860 3231 crebras
1883 3167 2261 3231 transmisit

372 3264 741 3347 epistolas,
784 3267 1156 3331 exhortans
1200 3268 1533 3331 attentius
1575 3286 1660 3329 ne
1705 3273 1976 3330 tantum
2028 3266 2261 3330 Chris-

372 3364 730 3429 tianorum
778 3367 1105 3449 populum
1151 3367 1361 3432 libere
1410 3366 1703 3431 transire
1744 3365 1817 3427 in
1864 3384 2059 3429 suam
2112 3386 2258 3448 per-

372 3464 628 3528 niciem
679 3473 1102 3549 paterentur.
1205 3466 1447 3531 Nostri
1493 3472 1722 3529 autem
1770 3463 1971 3528 nimis
2022 3466 2255 3530 incon-

370 3564 561 3629 sulte
607 3574 917 3648 agentes,
954 3574 1026 3631 et
1076 3565 1245 3630 nihil
1289 3565 1550 3630 sinistri
1591 3565 2044 3647 suspicantes,
2081 3566 2257 3645 divig-

370 3663 469 3727 sis
514 3666 908 3747 agminibus
941 3666 1369 3743 incedebant,
1402 3665 1748 3730 vinculum
1782 3665 2091 3730 caritatis
2119 3684 2257 3729 non

370 3762 711 3830 habentes
739 3786 758 3847 3
803 3766 985 3832 unde
1016 3766 1162 3831 dati
1201 3772 1365 3831 sunt
1399 3765 1470 3829 in
1512 3784 1756 3829 manus
1785 3763 2257 3829 insidiantium

376 3862 792 3943 Turoorum,
820 3867 921 3931 ita
951 3866 1135 3949 quod
1165 3885 1255 3931 ex
1284 3866 1384 3930 eis
1422 3884 1562 3930 una
1603 3865 1714 3930 die
1757 3864 2148 3929 ceciderunt
2189 3865 2260 3928 in

374 3982 490 4028 ore
552 3964 777 4046 gladii
840 3965 1207 4049 plusquam
1257 3964 1638 4048 quingenta
1658 4008 1665 4015 =
1689 3963 1907 4028 millia
1951 3984 2261 4047 peremp-

374 4068 635 4128 torum.
741 4063 1010 4144 Quibus
1072 4072 1304 4130 autem
1360 4083 1758 4130 concessum
1806 4072 1917 4129 est
1964 4064 2262 4129 hostium

451 4309 743 4375 ¹Hngonen
755 4307 1026 4380 magum]
1044 4313 1061 4341 ⁴
1073 4312 1302 4375 Philippi
1351 4312 1451 4362 and
1468 4312 1768 4375 reproaches
1781 4312 1840 4362 of
1855 4312 2022 4362 Adela
2034 4313 2113 4362 his
2126 4313 2265 4373 wife,

380 4383 515 4442 regis
554 4382 865 4432 Francorum
902 4377 1090 4435 frater?
1160 4382 1303 4433 will.
1350 4384 1500 4432 sister
1539 4388 1591 4432 to
1633 4382 1719 4433 the
1761 4383 1887 4446 king
1922 4382 1980 4431 of
2017 4383 2269 4445 Englund,

380 4451 501 4513 Tyr.
523 4468 578 4513 p.
602 4456 722 4501 ⁷82.
1351 4467 1486 4502 were
1509 4454 1636 4501 used
1657 4458 1709 4502 to
1732 4453 1915 4502 induce
1948 4452 2051 4501 him
2084 4458 2135 4502 to
2158 4453 2269 4514 joiu

451 4518 474 4551 ⁸
507 4520 869 4585 Stephanum]
925 4521 1211 4583 According
1253 4526 1305 4570 to
1354 4522 1406 4570 in
1431 4522 1532 4571 this
1562 4522 1746 4571 second
1776 4521 2106 4585 expedition.⁹
2171 4521 2272 4569 Mi-

386 4590 669 4640 Ordericus
702 4591 903 4652 vitalis,
940 4592 955 4619 ‘
973 4591 1058 4640 the
1101 4606 1308 4653 prayers
1354 4591 1540 4655 chnud,
1560 4593 1617 4641 ii.
1639 4607 1691 4653 p.
1713 4595 1828 4642 489.
