3457 5887
1213 820 1343 884 166
1713 833 1977 880 nocam
2027 831 2118 878 nn
2163 828 2576 878 wnNnoven

893 1014 1002 1053 Μ).
1027 1015 1135 1053 ιιοο.
1208 991 1329 1076 jus
1357 1009 1556 1053 suum
1585 994 2135 1070 prosequeretur,
2163 986 2310 1062 sed,
2352 985 2515 1067 quia
2549 1003 2765 1065 nuper
2793 983 2879 1046 de
2905 1003 3088 1064 pere·

1218 1088 1600 1173 grinatione
1632 1095 1834 1151 terrae
1884 1091 2143 1150 sanctae
2194 1105 2458 1168 pauper
2486 1084 2805 1160 redierat,
2832 1083 3090 1146 distulit

1220 1191 1305 1254 ad
1346 1196 1615 1271 tempus
1665 1186 2014 1268 negotium
2060 1192 2288 1249 mente
2332 1190 2765 1266 conceptum,
2813 1190 2892 1246 ut
2928 1191 3091 1246 tem-

1218 1309 1382 1373 pore
1425 1306 1732 1369 congruo
1773 1285 1942 1349 illud
1990 1285 2260 1349 effectui
2290 1285 2734 1366 manciparet.
2840 1282 3088 1346 Eodem

1218 1398 1545 1471 tempore,
1588 1385 1914 1450 defuncto
1964 1383 2257 1461 Thema,
2305 1383 2724 1448 Eboracensi
2767 1380 3091 1463 archiepi-

1218 1506 1454 1570 scope,
1483 1480 1871 1550 ¹Gerardus
1905 1485 2276 1562 successit3
2327 1491 2397 1547 et
2424 1483 2872 1565 SigisbertuS,
2892 1480 3088 1545 Gem-

1218 1587 1554 1652 blacensis
1593 1584 1989 1661 monachus,
2035 1584 2388 1665 hucusque
2417 1582 2740 1648 chronica
2773 1600 2902 1645 sua
2931 1581 3092 1644 satis

1219 1688 1572 1770 eleganter
1604 1684 1918 1766 digessit.

1357 1858 1455 1922 De
1484 1858 1708 1922 virtute
1737 1857 1896 1942 reyis
1930 1856 2263 1941 Godofridi
2294 1865 2349 1921 et
2375 1865 2565 1920 morte
2593 1857 2957 1920 immatura.

1265 2012 1277 2030 ·
1297 1983 1555 2047 Eodem
1584 2002 1792 2059 anno,
1817 1981 2144 2044 defuncto
2164 2000 2348 2064 papa
2369 1981 2678 2056 Urbano,
2700 1973 2723 2011 ²
2740 1978 3090 2043 Paschalis

1217 2082 1394 2148 sedit
1436 2083 1508 2146 in
1557 2081 1891 2146 cathedra
1943 2080 2262 2144 Romana
2322 2089 2483 2164 post
2533 2100 2689 2144 eum
2735 2079 2935 2143 annis
2980 2079 3088 2142 de-

900 2200 1036 2239 nenth
1054 2198 1102 2239 or
1120 2199 1193 2239 the
1218 2202 1365 2246 cem
1399 2189 1470 2246 et
1502 2190 1678 2246 octo.
1749 2174 2041 2244 ⁸Eodem
2084 2199 2267 2244 anno
2300 2201 2426 2244 rex
2462 2179 3091 2262 Hierosolymarmn

896 2251 1145 2340 ῗῖῗῗιιοιῖεω.
1220 2281 1658 2357 Godefridus,
1708 2280 1797 2344 ad
1842 2280 2245 2344 instantiam
2284 2279 2714 2363 quorundam
2765 2281 3090 2343 baronum

1218 2401 1526 2459 suorum,
1584 2380 1630 2444 J
1636 2380 1912 2444 ordanis
1977 2379 2254 2443 flumine
2310 2380 2631 2456 transito,
2685 2378 2756 2441 in
2817 2378 3093 2458 regione

1221 2481 1798 2556 Ammonitarum,
1839 2498 2045 2561 quam
2078 2488 2241 2543 tunc
2283 2478 2554 2544 Arabes
2596 2479 3090 2555 inhabitabant,

1218 2583 1566 2662 ingentem
1643 2599 1931 2662 gregum
2005 2587 2078 2643 et
2149 2585 2612 2643 armentorum
2684 2577 3086 2642 contrahens

1218 2680 1545 2762 praedam,
1587 2699 1744 2742 cum
1795 2678 2136 2742 manubiis
2179 2679 2468 2742 infinitis
2513 2678 2800 2743 feliciter
2829 2695 3085 2741 remea·

1222 2781 1364 2858 vit;
1412 2799 1551 2862 quo
1586 2778 1848 2855 audito,
1885 2776 2203 2860 princeps
2241 2778 2522 2861 quidam
2555 2778 2642 2841 de
2675 2785 2877 2859 gente
2911 2775 3087 2842 Ara-

1223 2880 1383 2942 bum
1418 2878 1794 2963 praeclarus
1828 2884 1898 2941 et
1932 2884 2203 2961 potem,
2232 2885 2443 2962 atque
2476 2879 2547 2941 in
2580 2877 2943 2961 disciplina
2970 2876 3092 2938 mi-

1220 2979 1407 3043 litari
1460 2978 2027 3055 ferventissimus,
2073 2998 2195 3061 per
2251 2977 2708 3042 internuntios
2762 2997 2934 3060 pace
2978 2976 3094 3038 im-

1221 3086 1517 3160 petrata,
1547 3079 1635 3141 ad
1670 3096 1901 3158 regem
1931 3076 2380 3142 Godesridum
2414 3097 2569 3142 cum
2598 3076 2904 3161 ejusdem
2934 3096 3097 3158 gen-

1221 3179 1312 3241 tis
1347 3178 1559 3243 nobili
1587 3176 1919 3241 comitatu
1951 3178 2264 3241 accessit.
2336 3177 2674 3242 Audierat
2706 3177 2891 3240 enim
2926 3176 3100 3239 mul·

1220 3285 1444 3342 torum
1478 3278 1810 3341 relatione
1840 3277 1928 3340 de
1955 3277 2138 3358 regis
2169 3285 2240 3341 et
2265 3278 2505 3359 populi
2533 3276 2907 3341 occidentis
2936 3275 3097 3340 viri-

1218 3378 1347 3441 bus
1382 3386 1453 3442 et
1486 3376 2023 3458 magnificentia,
2053 3376 2172 3458 qui
2205 3397 2328 3459 per
2360 3385 2467 3441 tot
2501 3385 2837 3441 terrarum
2871 3376 3097 3457 spatia

1220 3477 1612 3540 universum
1636 3477 1767 3539 sibi
1798 3477 2213 3558 subegerant
2239 3478 2571 3540 orientem
2595 3497 2613 3555 ς
2659 3477 2840 3539 unde
2869 3475 3097 3539 studio

1221 3595 1375 3638 eum
1416 3574 1922 3638 ferventissimo
1952 3576 2183 3639 videre
2226 3577 2552 3658 gestienS,
2586 3576 2671 3639 ad
2706 3577 2892 3658 regis
2921 3595 3098 3657 prae-

1220 3675 1511 3738 sentiam
1546 3673 1885 3738 adductus
1938 3683 2329 3739 reverenter
2361 3675 2555 3739 illum
2596 3675 2954 3752 salutavit,
3009 3683 3100 3750 et,

1218 3792 1368 3836 cum
1431 3774 1547 3837 diu
1588 3791 1821 3854 regem
1867 3773 2160 3838 intuitus
2205 3775 2511 3858 corporis
2555 3775 2705 3859 ejus
2749 3774 3100 3857 dispositi-

1216 3892 1413 3937 onem
1458 3873 1934 3947 admiraretur,
1970 3875 2182 3955 coepit
2226 3895 2378 3938 eum
2426 3875 2643 3939 multa
2682 3895 2964 3957 precum
2998 3876 3099 3937 in-

1283 4086 1297 4115 ¹
1327 4090 1575 4138 Gen-ardus
1606 4088 1837 4137 successit
1853 4083 1901 4155 ς]
1951 4090 1967 4117 ‘
1986 4088 2131 4138 homo
2248 4088 2270 4119 ²
2290 4093 2601 4157 ammiud
2639 4094 2723 4142 the
2764 4094 2952 4143 second
2971 4111 2992 4154 ς
3039 4094 3100 4143 he

1212 4159 1414 4219 quidem
1448 4164 1628 4207 auctus
1662 4164 1713 4207 et
1746 4159 2013 4220 litteratus,
2040 4159 2129 4208 sed
2178 4161 2300 4210 died
2322 4163 2373 4210 in
2395 4163 2629 4225 January
2652 4168 2799 4213 1118.

1209 4230 1315 4276 vita
1335 4229 1580 4290 lubricus,
1608 4230 1659 4276 in
1688 4228 2017 4290 emungendis
2039 4244 2130 4290 per

1210 4298 1471 4347 indecoras
1504 4298 1653 4345 etiam
1686 4300 1975 4346 occasiones
2011 4299 2129 4347 sub·
2246 4298 2267 4327 ³
2290 4303 2470 4350 Eodem
2491 4298 2658 4370 annm]
2698 4302 2807 4352 The
2840 4302 3100 4363 following

1210 4368 1426 4415 ditorum
1470 4368 1740 4428 marsupiis
1780 4367 2018 4429 callidus,
2060 4373 2128 4431 et,
2177 4376 2391 4419 account
2413 4372 2472 4421 os
2487 4373 2570 4421 the
2594 4374 2816 4423 lastacts
2829 4374 2927 4420 and
2941 4373 3097 4421 death

1210 4443 1269 4485 ut
1304 4437 1504 4498 plurimi
1533 4443 1839 4496 asseverant,
1869 4438 2126 4487 maleficiis
2175 4440 2233 4488 os
2249 4438 2478 4503 Godfrey
2499 4458 2584 4493 are
2622 4444 2775 4493 taken
2797 4442 2922 4492 from
2951 4443 3097 4491 Win.

1209 4508 1357 4555 etiam
1382 4512 1616 4556 assuetus
1635 4501 1663 4567 ;‘
1720 4507 1844 4556 Gul.
1878 4508 2125 4570 Neubrig.
2173 4510 2293 4571 Tyr.
2317 4526 2369 4573 p.
2395 4516 2507 4563 7⁷5.

1210 4578 1292 4626 ed.
1316 4578 1539 4638 Hem-ne,
1559 4578 1593 4625 i.
1619 4592 1668 4637 p.
1692 4580 1773 4625 25.
