3457 5887
1249 827 1379 891 300
1756 841 2021 888 nocam
2068 841 2161 887 nn
2209 840 2614 891 wmmovssa

925 1005 1227 1103 &Dulwgm
1250 999 1526 1063 vadium
1578 1008 1648 1064 et
1698 999 1999 1083 plegium
2054 999 2283 1063 standi
2333 999 2592 1083 judicio
2647 999 2950 1066 ecclesiae
3001 1004 3115 1066 ubi

927 1107 1224 1154 offentonam
1249 1099 1715 1164 absolvuntur.

1347 1198 1538 1263 Laici
1581 1218 1720 1262 non
1763 1198 2014 1262 debent
2055 1196 2391 1273 accusari,
2440 1197 2571 1260 nisi
2613 1217 2748 1279 per·
2781 1208 3002 1265 certos
3048 1210 3113 1265 et

1244 1296 1584 1380 legitimos
1623 1305 2057 1362 accusatores
2099 1305 2169 1361 et
2213 1304 2424 1360 testes
2467 1297 2537 1359 in
2573 1301 2946 1379 praesentia
2974 1302 3111 1382 epi·

1244 1397 1458 1478 scopi,
1518 1396 1619 1462 ita
1681 1396 1864 1479 quod
1928 1396 2443 1460 archidiaconus
2501 1415 2640 1459 non
2697 1397 2944 1479 perdat
2997 1399 3110 1482 jus

1243 1514 1442 1558 suum
1493 1515 1619 1560 nec
1670 1497 2033 1579 quicquam
2077 1495 2259 1578 quod
2310 1493 2468 1558 inde
2521 1493 2774 1559 habere
2831 1496 3106 1578 debeat;

1242 1601 1312 1656 et
1339 1595 1399 1658 si
1433 1595 1607 1659 tales
1640 1594 1917 1671 fuerint,
1962 1595 2080 1677 qui
2121 1594 2509 1677 culpantur,
2548 1595 2733 1674 quod
2778 1615 2915 1659 non
2948 1597 3106 1662 velit

1240 1694 1352 1757 vel
1395 1714 1532 1758 non
1581 1694 1832 1758 audeat
1880 1692 2128 1775 aliquis
2179 1712 2502 1757 accusare
2544 1712 2692 1771 eoS,
2733 1695 3102 1760 vicecomes

1238 1792 1606 1874 requisitus
1674 1794 1761 1857 ab
1823 1794 2145 1874 episcopo
2196 1792 2405 1856 saciat
2460 1792 2701 1875 jurare
2755 1792 3099 1859 duodecim

1236 1889 1493 1971 legales
1536 1891 1844 1956 homines
1894 1892 1977 1955 de
2035 1892 2295 1956 visneto
2345 1892 2492 1954 sive
2535 1890 2624 1954 de
2670 1892 2832 1957 villa
2870 1913 3096 1958 coram

1236 1989 1578 2074 episcopo,
1612 1991 1793 2074 quod
1824 1991 2184 2055 veritatem
2217 1990 2588 2055 secundum
2618 1993 3094 2058 conscientiam

1235 2108 1429 2152 suam
1464 2091 2020 2155 manifestabunt.

1336 2187 1588 2254 Nullus
1620 2190 1739 2272 qui
1773 2190 1859 2253 de
1886 2209 2046 2271 rege
2080 2195 2264 2251 tenet
2296 2188 2367 2250 in
2398 2190 2648 2271 capite,
2693 2209 2820 2253 nec
2860 2190 3097 2274 aliquis

1233 2285 1722 2353 dominicorum
1753 2289 2215 2352 ministrorum
2247 2286 2420 2370 ejuS,
2458 2289 3096 2368 excommunicetur,

1235 2405 1358 2450 nec
1394 2387 1685 2473 alicujus
1733 2407 1964 2452 eorum
2004 2395 2203 2450 terrae
2244 2387 2372 2449 sub
2422 2387 2779 2451 interdicto
2830 2407 3096 2470 ponan-

1234 2492 1366 2562 tur,
1415 2486 1546 2551 nisi
1589 2489 1779 2571 prius
1828 2486 2139 2550 dominus
2188 2505 2338 2562 rex,
2379 2486 2438 2548 si
2487 2487 2555 2549 in
2597 2506 2809 2567 regno
2861 2487 3093 2566 fuerit,

1228 2587 1697 2664 conveniatur,
1731 2585 1842 2649 vel
1863 2585 2288 2669 justiciarius
2323 2584 2496 2668 ejuS,
2542 2586 2597 2648 si
2636 2584 2838 2649 fuerit
2881 2595 3088 2652 extra

1227 2701 1535 2764 regnum,
1581 2695 1661 2750 ut
1698 2694 1958 2749 rectum
2004 2684 2087 2748 de
2122 2704 2203 2747 eo
2246 2683 2456 2747 saciat
2487 2704 2505 2764 ;
2549 2692 2614 2748 et
2641 2685 2762 2762 ita,
2791 2693 2870 2749 ut
2897 2688 3085 2768 quod

1222 2784 1588 2863 pertinebit
1618 2784 1705 2849 ad
1727 2785 1908 2866 regis
1941 2784 2198 2847 curiam
2231 2783 2324 2846 ibi
2347 2783 2763 2860 terminetur,
2789 2791 2860 2847 et
2886 2784 2973 2848 de
3005 2806 3088 2849 eo

1223 2882 1404 2964 quod
1429 2892 1696 2967 spectat
1721 2883 1810 2949 ad
1839 2884 2095 2948 curiam
2127 2882 2661 2947 ecclesiasticam
2692 2884 2782 2947 ad
2810 2884 3091 2949 eandem

1221 2981 1535 3047 mittatur
1565 2993 1643 3049 ut
1677 2983 1924 3048 ibidem
1960 2984 2374 3047 terminetur.

1321 3077 1433 3146 De=
1459 3084 2055 3167 appellationibus,
2089 3082 2149 3145 si
2181 3082 2597 3159 emerserint,
2635 3082 2722 3144 ab
2756 3081 3088 3147 archidia-

1218 3197 1390 3246 cono
1444 3176 1723 3247 ¹debent
1786 3182 2150 3265 procedere
2200 3182 2287 3245 ad
2341 3181 2764 3265 episcopum,
2814 3183 2903 3245 ab
2947 3184 3084 3264 epi-

1217 3298 1426 3365 scopo
1475 3283 1560 3346 ad
1608 3281 2214 3364 archiepiscopum,
2273 3288 2365 3357 et,
2421 3281 2481 3344 si
2533 3279 3082 3364 archiepiscopus

1215 3378 1506 3446 defuerit
1547 3383 1621 3445 in
1661 3382 1939 3467 justitia
1988 3380 2393 3456 exhibenda,
2442 3378 2529 3443 ad
2582 3380 2938 3444 dominum
2979 3401 3079 3445 re-

1212 3497 1365 3557 gem
1428 3481 1955 3564 perveniendum
2017 3487 2124 3543 est
2184 3485 2552 3562 postremo,
2602 3487 2682 3543 ut
2737 3490 3077 3562 praecepto

1210 3576 1423 3658 ipsius
1465 3581 1538 3644 in
1576 3581 1767 3644 curia
1806 3578 2295 3662 archiepiscopi
2344 3579 2811 3642 controversia
2855 3581 3078 3643 termi-

1210 3683 1433 3755 netur,
1468 3679 1570 3743 ita
1614 3680 1796 3762 quod
1855 3699 1991 3742 non
2029 3672 2261 3742 ²debet
2300 3678 2482 3742 ultra
2525 3677 2894 3759 procedere
2927 3680 3076 3742 abs-

1209 3793 1340 3855 que
1376 3797 1663 3841 assensu
1696 3777 1953 3842 domini
1985 3777 2188 3858 regiS.

1304 3876 1376 3939 Si
1431 3876 1773 3941 calumnia
1823 3875 2171 3941 emerserit
2222 3874 2399 3939 inter
2450 3875 2766 3938 clericum
2824 3884 2898 3940 et
2950 3877 3072 3940 lai-

1204 3995 1381 4052 cum,
1428 3976 1541 4040 vel
1599 3997 1638 4040 e
1692 3994 2047 4053 converso,
2106 3975 2190 4038 de
2255 3974 2396 4038 ullo
2448 3982 2833 4038 tenemento
2893 3976 3067 4058 quod

1202 4075 1488 4139 clericus
1534 4076 1704 4141 velit
1747 4074 1835 4139 ad
1892 4074 2389 4158 eleemosynam
2436 4072 2728 4149 trahere,
2781 4074 2894 4137 vel
2945 4075 3065 4138 lai-

1201 4193 1320 4238 cus
1369 4175 1455 4238 ad
1507 4175 1758 4239 laicum
1809 4173 2105 4251 feodum,
2150 4193 2271 4255 per
2321 4172 2852 4253 recognitionem
2901 4173 3062 4238 duo-

1202 4273 1421 4338 decim
1477 4274 1802 4356 legalium
1853 4273 2196 4338 bominum
2239 4272 2452 4356 juxta
2499 4271 2814 4353 capitalis
2855 4272 3057 4355 justi-

1199 4375 1391 4439 ciarii
1442 4376 1622 4456 regis
1656 4373 2261 4439 considerationem
2298 4370 2793 4445 terminabitur,
2838 4379 3058 4434 utrum

1263 4561 1278 4591 ¹
1298 4563 1485 4611 Debent
1515 4560 1805 4624 procedere]
1853 4560 1869 4587 ‘
1883 4558 2101 4608 Debebit
2218 4554 2409 4606 'Debet
2432 4557 2562 4604 ultra
2586 4556 2852 4619 ’,ποιὰν-ε.
2865 4555 3031 4619 j‘De

1191 4632 1393 4696 procedi
1412 4632 1445 4693 ς’
1475 4631 1632 4681 wilk.
2149 4627 2265 4676 beat
2284 4627 2414 4676 ultra
2434 4620 2678 4687 procedi,'
