3457 5887
1147 840 1278 904 314
1649 855 1915 903 nocam
1961 855 2055 902 nn
2098 854 2510 902 wannovnn

837 1044 946 1086 Aa).
969 1043 1077 1082 ιιω.
1153 1018 1489 1094 tudinum,
1542 1035 1717 1099 quas
1765 1016 1837 1078 in
1890 1035 2101 1097 regno
2133 1013 2518 1097 Aug-lorum
2566 1019 2588 1048 ‘
2611 1014 2849 1078 avitas'
2893 1033 3028 1096 ap-

1155 1118 1440 1202 pellant,
1501 1117 2001 1192 observatores,
2059 1114 2452 1178 defensores
2506 1122 2578 1178 et
2643 1115 3030 1178 incentores

1156 1216 1455 1282 candelis
1505 1215 2126 1280 excommunicavit
2182 1214 2512 1290 accensiS,
2553 1222 2628 1278 et
2671 1214 2856 1277 inter
2895 1232 3032 1276 cae-

1159 1324 1342 1381 teros
1398 1315 1800 1380 nominatim
1851 1313 2270 1379 Richardum
2330 1313 2416 1377 de
2482 1312 2679 1389 Luci,
2737 1312 3048 1376 Richar-,

1159 1416 1342 1493 dum,
1386 1415 1940 1479 archidiaconum
1984 1412 2490 1490 Pictavensem,
2521 1412 2567 1475 J
2573 1411 2913 1477 ocelinum
2947 1411 3034 1474 de

1162 1514 1416 1593 Bailul,
1447 1513 1753 1579 Alanum
1779 1514 1866 1578 de
1900 1512 2205 1589 Nevilla,
2233 1520 2306 1575 et
2336 1512 2511 1576 alios
2541 1511 2988 1594 quamplures
3012 1531 3030 1590 ;

1162 1614 1283 1678 sed
1324 1614 1459 1697 ipsi
1490 1616 1810 1680 absentes
1852 1621 1925 1677 et
1968 1632 2107 1677 non
2140 1612 2369 1676 vocati
2412 1631 2540 1675 nec
2584 1611 2911 1688 convicti,
2955 1619 3034 1674 ut

1162 1714 1505 1792 dicebant,
1578 1712 2169 1788 excommunicati,
2230 1711 2457 1774 missis
2531 1711 2621 1774 ad
2697 1710 3030 1791 archiepi-

1164 1833 1446 1898 scopum
1499 1813 1772 1895 legatis,
1839 1811 2360 1896 appellaverunt
2405 1818 2479 1874 et
2520 1809 2873 1874 ecclesiam
2923 1810 3029 1871 in-

1166 1920 1539 1978 traverunt.
1624 1911 1760 1976 Sed
1793 1930 1930 1975 non
1960 1911 2175 1975 multo
2206 1918 2365 1992 post
2396 1908 2782 1974 Willelmus
2813 1908 3022 1992 Papi-

1165 2013 1348 2076 ensis
1405 2019 1475 2076 et
1533 2011 1579 2074 J
1585 2010 1887 2076 ohannes
1951 2010 2478 2093 NeapolitanuS,
2539 2008 2916 2073 cardinales
2980 2027 3025 2071 a

1166 2111 1381 2176 latere
1437 2111 1686 2174 summi
1741 2109 2082 2192 pontificis
2141 2109 2492 2186 destinati,
2553 2108 2741 2190 apud
2796 2108 3026 2171 Mum-

1167 2211 1367 2275 miral
1397 2229 1627 2292 regem
1660 2208 2041 2273 Henricum
2081 2216 2153 2272 et
2182 2208 2543 2286 Thomam,
2585 2207 3035 2272 Cantuarien-

1170 2330 1314 2374 sem
1361 2308 1968 2393 archiepiscopum,
2019 2316 2528 2387 convocarunt;
2597 2315 2669 2372 et
2713 2307 2882 2371 licet
2923 2326 3031 2369 eos

1173 2410 1245 2473 in
1273 2416 1538 2492 partem
1581 2408 1763 2490 regis
1799 2407 2351 2491 archiepiscopus
2386 2407 2854 2472 inclinatiores
2893 2425 3033 2468 sen-

1173 2510 1399 2586 sisset,
1444 2516 1609 2572 tunc
1651 2514 1882 2572 tamen
1932 2508 2006 2570 in
2051 2506 2388 2591 judicium
2436 2506 2669 2570 deduci
2726 2524 2815 2569 ea
2859 2505 3031 2568 rati-

1176 2627 1305 2672 one
1364 2607 1725 2685 concessit,
1778 2606 2232 2671 residentibus
2293 2606 2430 2670 illis
2476 2605 2543 2668 in
2590 2605 3028 2682 consistorio,

1172 2714 1273 2784 ut,
1316 2707 1689 2771 secundum
1745 2706 2049 2770 ecclesiae
2098 2705 2412 2782 formam,
2453 2714 2589 2769 tam
2632 2704 2763 2768 sibi
2813 2722 3021 2786 quam

1175 2806 1319 2868 suis
1362 2806 1553 2890 prius
1596 2805 1792 2871 fieret
1832 2806 2037 2888 plena
2079 2805 2423 2868 restitutio
2471 2804 2874 2880 ablatorum,
2905 2822 3032 2866 nec

1173 2905 1353 2969 enim
1393 2905 1728 2989 spoliatus
1765 2904 2100 2990 judicium
2145 2904 2374 2970 subire
2423 2904 2664 2982 voluit,
2711 2922 2840 2967 nec
2886 2902 3036 2984 cogi

1175 3005 1403 3087 potuit
1434 3006 1699 3069 ratione
1730 3025 1748 3086 ;
1817 3005 2000 3088 quod
2044 3023 2197 3067 cum
2240 3004 2341 3067 illi
2375 3023 2503 3068 nec
2535 3004 2762 3067 facere
2789 3003 3037 3067 vellent

1179 3125 1304 3169 nec
1353 3111 1657 3188 possent,
1703 3104 1958 3168 infecto
2018 3103 2318 3186 negotiO,
2371 3104 2720 3187 praedictis
2770 3122 3037 3166 excom-

1177 3204 1539 3268 municatis
1599 3203 1788 3285 prius
1848 3202 2205 3279 absolutiS‚
2265 3202 2353 3265 ad
2406 3204 2667 3267 curiam
2725 3210 2892 3266 sunt
2939 3222 3038 3264 re·

1182 3304 1380 3368 versi.
1479 3301 1777 3367 Alanum
1829 3321 1994 3366 vero
2042 3301 2127 3365 de
2185 3300 2466 3366 Nevilla
2509 3302 2813 3367 absolvit
2858 3300 3037 3365 Gile-

1179 3406 1438 3483 bertus,
1489 3402 1987 3467 Londoniensis
2033 3401 2437 3485 episcopus;
2509 3408 2796 3485 accepto
2836 3402 2925 3466 ab
2962 3421 3038 3464 eo

1178 3510 1632 3582 sacramentO,
1664 3501 1845 3585 quod
1874 3502 1946 3565 in
1979 3500 2201 3565 eundo
2235 3500 2795 3584 Hierosolymam
2821 3508 3039 3564 trans-

1178 3603 1309 3667 iret
1350 3623 1474 3687 per
1522 3602 1870 3667 dominum
1914 3619 2164 3685 papam
2225 3608 2295 3665 et
2338 3601 2487 3685 ejus
2532 3608 2808 3684 pareret
2856 3619 3039 3662 man-

1178 3701 1365 3767 dato.
1467 3702 1726 3766 Eodem
1789 3708 2092 3782 tempore
2156 3699 2585 3780 LodowicuS,
2643 3721 2769 3765 rex
2831 3700 3039 3763 Fran·

1179 3821 1438 3877 corum,
1477 3803 1667 3865 venit
1718 3800 2200 3865 Pontiniacum
2231 3820 2250 3880 ;
2313 3808 2406 3877 et,
2448 3820 2537 3864 ne
2579 3800 2743 3884 quid
2802 3820 2849 3863 a
2886 3818 3046 3879 rege

1178 3899 1560 3983 Anglorum
1605 3900 1801 3964 fieret
1839 3900 1914 3962 in
1953 3898 2320 3983 perniciem
2351 3899 2828 3965 cisterciensis
2872 3897 3051 3964 ordi-

1180 4001 1311 4078 nis,
1376 3999 1736 4077 Thomam,
1796 3997 2358 4064 Cantuariensem
2442 4000 3051 4082 archiepiscopum,

1181 4099 1293 4164 cui
1337 4100 1485 4184 jam
1535 4119 1658 4183 per
1711 4098 2061 4163 biennium
2116 4098 2682 4165 Pontiniacenses
2736 4097 3050 4162 monachi

1180 4219 1447 4263 omnem
1502 4199 1956 4264 exhibuerant
2003 4199 2520 4277 humanitatem,
2575 4199 2884 4263 Senonas
2943 4218 3053 4261 se-

1177 4320 1332 4362 cum
1381 4299 1607 4377 duxit,
1651 4306 1720 4363 et
1770 4297 1953 4380 apud
2006 4307 2315 4363 sanctam
2361 4298 2765 4363 Columbam
2821 4298 2882 4361 ei
2927 4316 3057 4378 per

1178 4419 1397 4464 annos
1435 4406 1731 4481 quatuor
1772 4397 2243 4463 sufficientiam
2286 4399 2355 4462 in
2401 4399 2720 4483 expensis
2765 4397 3057 4461 invenit.

1178 4499 1317 4563 Per
1341 4499 1518 4563 idem
1545 4506 1838 4581 tempus,
1860 4498 1947 4562 ad
1980 4499 2496 4563 subventionem
2530 4505 2731 4562 terrae
2766 4503 3060 4571 sanctae,

1175 4598 1259 4662 de
1332 4618 1744 4682 unaquaque
1805 4607 2128 4663 carucata
2213 4605 2412 4662 terrae
2476 4598 2687 4662 totius
2748 4595 3060 4679 Angliae‚
