3457 5887
955 793 1227 843 nonus
1273 794 1803 843 msromffluu.
2278 779 2322 843 3

454 947 613 1030 gliae
646 950 989 1029 nobilitas,
1023 971 1066 1015 a
1096 952 1392 1036 propriis
1426 971 1548 1034 per
1572 951 2009 1015 Normannos
2032 953 2324 1035 expulsa
2342 968 2449 1008 mn.
2470 967 2583 1008 1007.

454 1046 725 1126 finibuS,
778 1049 865 1113 ad
919 1071 1116 1133 reges
1171 1059 1278 1116 est
1326 1050 1652 1115 devoluta
1700 1050 2084 1116 Scotorum.
2187 1052 2321 1116 Sed

456 1144 603 1210 haec
630 1148 831 1213 infra.

548 1321 724 1401 Quod
747 1320 984 1407 Anylia
1001 1325 1266 1409 peccatis
1293 1324 1659 1411 eoeiyentibus
1670 1326 1881 1410 suerit
1910 1323 2250 1410 mby’uyata.

561 1443 739 1508 Ecce
765 1448 958 1526 regni
984 1445 1258 1529 Angliae
1288 1449 1503 1513 dulcis
1537 1450 1781 1531 patriae
1822 1448 2161 1512 excidium
2204 1447 2322 1511 do-
2343 1464 2543 1554 mg?
2560 1465 2609 1505 or

462 1541 757 1621 lendum,
814 1546 1010 1628 cujus
1060 1546 1221 1610 olim
1273 1567 1492 1630 reges,
1551 1548 1768 1630 primo
1824 1548 1932 1610 sui
1986 1546 2321 1610 adventus
2341 1566 2591 1663 ξὲιέὶέοωω

462 1648 786 1725 tempore,
830 1646 1027 1708 vultu
1077 1653 1144 1709 et
1192 1656 1392 1728 gestu
1446 1648 1822 1721 barbarico,
1876 1664 2005 1708 usu
2056 1645 2322 1721 bellico,
2342 1663 2584 1704 monn-or

461 1740 599 1805 ritu
642 1742 925 1824 profano
974 1744 1262 1821 incitati,
1295 1765 1531 1809 omnes
1581 1745 1667 1808 ad
1717 1744 1947 1808 omnia
1993 1763 2323 1826 provoca·

463 1839 651 1917 bant,
699 1842 927 1906 omnia
989 1845 1194 1907 armis
1245 1853 1315 1907 et
1374 1844 1630 1908 astutia
1684 1843 2130 1922 edomabant3
2206 1843 2325 1907 sed

461 1939 916 2019 postmodum,
952 1939 1205 2006 Christi
1249 1943 1379 2007 fide
1420 1950 1764 2025 suscepta,
1808 1942 2140 2025 paulatim
2172 1942 2328 2007 reli-

462 2038 652 2118 gioni
711 2059 989 2121 operam
1050 2040 1290 2105 dantes
1351 2062 1691 2106 armorum
1750 2042 2149 2106 exercitium
2208 2062 2326 2105 ne-

466 2137 854 2217 glexerunt,
907 2138 1237 2220 siquidem
1282 2160 1478 2221 reges
1521 2149 1688 2205 tunc
1749 2140 1987 2204 habitu
2037 2147 2324 2217 mutat0,

467 2234 744 2317 quidam
799 2236 1065 2314 Romae,
1119 2238 1394 2319 quidam
1437 2240 1507 2302 in
1558 2240 1804 2323 patria,
1852 2239 2121 2303 caeleste
2171 2259 2326 2320 reg-

467 2353 632 2397 num
687 2334 952 2411 luctati,
995 2355 1121 2417 pro
1175 2339 1534 2420 temporali
1580 2338 2090 2402 commutabant
2132 2346 2329 2401 aeter-

468 2452 673 2512 num3
719 2435 918 2499 multi
947 2442 1096 2499 tota
1128 2435 1275 2499 vita
1317 2456 1444 2500 sua
1485 2438 1810 2501 mundum
1846 2436 2329 2518 amplectentes

464 2532 784 2596 ecclesias
832 2542 902 2597 et
956 2535 1271 2599 coenobia
1313 2535 1715 2613 fundabant,
1759 2535 2115 2599 thesauros
2165 2555 2332 2617 pau-

463 2632 738 2713 peribus
770 2635 1168 2716 erogabant,
1201 2642 1294 2712 et,
1334 2643 1413 2700 ut
1453 2636 1750 2700 breviter
1783 2634 2070 2710 dicatur,
2104 2636 2335 2699 omnia

465 2731 941 2796 misericordiae
972 2753 1181 2815 opera
1211 2734 1693 2817 adimplebant.
1764 2733 1871 2797 De
1896 2734 2333 2815 martyribus,

472 2829 971 2895 confessoribus
998 2840 1068 2895 et
1087 2833 1300 2895 sacris
1318 2833 1719 2911 virginibus,
1747 2831 1971 2896 insula
1998 2832 2165 2896 adeo
2188 2834 2332 2915 ple-

476 2948 570 2992 na
597 2929 910 3010 refulget,
936 2938 1015 2996 ut
1047 2930 1169 2995 vix
1199 2930 1492 3013 aliquem
1525 2932 1748 2995 vicum
1781 2930 2111 2995 famosum
2157 2951 2333 3013 prae-

476 3035 727 3105 tereaS,
754 3030 870 3093 ubi
896 3030 1186 3112 alicujus
1218 3031 1379 3094 novi
1400 3030 1619 3094 sancti
1647 3048 1894 3093 nomen
1920 3029 2184 3110 insigne
2205 3049 2339 3093 non

475 3127 757 3205 audias3
801 3129 920 3192 sed
967 3129 1424 3211 postmodum,
1452 3128 1932 3209 refrigescente
1958 3129 2243 3191 caritate
2273 3136 2343 3193 et

471 3245 682 3290 aureo
711 3227 963 3291 saeculo
997 3228 1069 3290 in
1101 3228 1360 3292 luteum
1404 3235 1691 3303 mutato,
1721 3226 2069 3307 religionis
2114 3225 2343 3291 studia

471 3326 935 3390 absolverunt.
1024 3325 1216 3390 Sicut
1265 3326 1456 3408 prius
1504 3327 1575 3389 in
1627 3325 1929 3391 adventu
1958 3324 2339 3404 Danorum,

475 3432 551 3488 et
598 3444 778 3489 nunc
819 3425 890 3488 in
934 3424 1335 3508 expulsione
1376 3424 1755 3506 Anglorum
1808 3444 1851 3488 a
1897 3423 1963 3489 N
1970 3425 2339 3502 ormanniS,

474 3524 774 3606 peccatis
817 3525 1271 3605 exigentibus»,
1305 3525 1785 3588 exterminium
1827 3525 2115 3587 accessit
2151 3524 2337 3588 inco-

474 3623 749 3702 larum3
824 3643 980 3687 nam
1038 3624 1403 3706 optimates
1480 3622 1663 3704 gulae
1722 3630 1793 3686 et
1853 3624 2083 3686 veneri
2126 3624 2339 3686 servi-

475 3731 668 3786 entes
697 3742 882 3786 more
919 3722 1306 3787 Christiano
1342 3722 1696 3786 ecclesiam
1728 3741 1926 3785 mane
1971 3741 2106 3785 non
2150 3729 2341 3804 pete-

478 3822 669 3898 bant,
701 3822 823 3885 sed
866 3822 935 3885 in
981 3821 1306 3886 cubiculis
1355 3828 1426 3885 et
1453 3821 1632 3885 inter
1662 3822 1943 3885 uxorios
1985 3820 2343 3902 amplexus

479 3921 967 3985 matutinarum
1019 3921 1348 3985 solemnia
1402 3939 1484 3985 ac
1543 3920 1903 3982 missarum
1963 3937 2006 3981 a
2062 3921 2343 4004 presby-

479 4028 627 4085 tero
658 4021 1023 4085 festinante
1049 4021 1326 4084 auribus
1358 4018 1827 4084 tantummodo
1871 4017 2342 4104 praelibabant.

482 4118 728 4184 Clerici
762 4139 1033 4202 quoque
1080 4127 1149 4183 et
1198 4119 1491 4183 ordinati
1536 4118 1705 4182 adeo
1755 4117 2112 4181 literatura
2153 4136 2343 4181 care-

479 4219 669 4294 bant,
703 4226 780 4283 nt
828 4219 1093 4282 caeteris
1142 4226 1323 4281 esset
1366 4217 1629 4299 stupori
1678 4216 1797 4299 qui
1831 4216 2343 4298 grammaticam

482 4317 867 4396 didicisset3
931 4318 1301 4401 potabatur
1355 4312 1445 4378 ab'
1490 4315 1802 4380 omnibus
1843 4316 1913 4378 in
1970 4335 2348 4393 commune,

481 4418 600 4500 qui
632 4426 773 4482 tam
818 4416 962 4480 dies
991 4436 1195 4498 quam
1236 4422 1470 4479 noctes
1504 4413 1574 4476 in
1616 4415 1746 4479 hoc
1789 4414 2015 4478 studio
2050 4413 2351 4496 produx-

483 4524 725 4596 erunt;
790 4516 862 4580 in
917 4516 1084 4580 cibis
1134 4516 1471 4598 urgebant
1517 4514 1891 4597 crapulam,
1955 4513 2026 4580 in
2076 4513 2353 4596 potibus

2055 4636 2084 4673 n
2117 4627 2149 4676 8

2343 1714 2589 1754 chanaana.
