3457 5887
918 838 1196 889 smnus
1241 837 1784 889 msrommwu,
1930 892 1939 903 ,
2154 824 2283 891 361

397 999 739 1079 absolvat,
778 1006 849 1065 et
883 1000 1067 1085 quod
1106 999 1277 1065 nulli
1313 999 1662 1065 hominum
1698 999 1906 1065 liceat
1939 997 2284 1066 infirmare
2307 1015 2547 1107 ‚Al-3332!-
2578 1019 2587 1027 ·

396 1102 581 1186 quod
622 1101 819 1166 sedes
853 1099 1235 1185 apostolica
1262 1099 1639 1166 decreverit
1667 1100 2143 1181 statuendum3
2181 1110 2288 1167 at-
2308 1118 2482 1159 neem

396 1209 654 1279 tamen,
690 1201 754 1265 si
792 1200 1292 1266 Londoniensis
1323 1207 1394 1264 et
1431 1200 1953 1265 Sarisberiensis
1984 1201 2288 1287 episcopi

400 1309 473 1367 et
514 1301 634 1366 alii
680 1299 1254 1365 excommunicati
1297 1318 1424 1364 suo
1467 1299 1791 1365 mandato
1830 1318 1906 1365 se
1943 1301 2287 1384 parituros

392 1401 633 1486 jurare
659 1400 944 1479 vellent,
980 1419 1099 1465 eos
1142 1419 1269 1483 pro
1308 1417 1479 1482 pace
1515 1399 1823 1471 ecclesiae
1856 1406 1928 1465 et
1970 1419 2288 1466 reveren-

402 1501 503 1565 tia
550 1500 811 1565 domini
862 1500 1046 1583 regis
1095 1498 1507 1565 absolveret.
1652 1498 1769 1564 Illi
1809 1520 1975 1564 vero
2027 1500 2134 1565 ira
2184 1501 2290 1564 in-

402 1600 914 1680 candescentes,
949 1608 1021 1666 et
1057 1599 1286 1664 scelus
1323 1598 1682 1676 nefarium,
1722 1599 1908 1682 quod
1950 1599 2024 1663 in
2060 1607 2289 1666 mente

403 1708 880 1785 conceperant,
919 1700 1006 1765 ad
1048 1699 1366 1764 effectum
1401 1698 1774 1783 perducere
1815 1707 2289 1783 properantes,

405 1818 563 1864 cum
625 1802 886 1883 impetu
942 1804 1372 1864 recesserunt
1402 1818 1421 1878 ;
1486 1797 2039 1882 archiepiscopus
2074 1820 2289 1879 .vero,

404 1900 839 1964 monentibus
881 1899 1146 1964 clericis
1196 1898 1343 1963 suis
1394 1904 1464 1962 et
1505 1897 1676 1962 hora
1725 1897 1861 1961 diei
1898 1900 2291 1982 vespertina

406 2006 722 2081 urgente,
758 1999 834 2063 in
868 1999 1197 2083 maJorem
1239 1997 1525 2062 intravit
1568 1997 1924 2062 ecclesiam
1968 2017 2288 2081 vesperas

409 2105 836 2163 cantaturus.
949 2097 1272 2177 Quatuor
1328 2097 1564 2179 itaque
1624 2096 1960 2161 satellites
2016 2097 2290 2164 nefandi

411 2198 816 2281 supradicti,
867 2197 1077 2262 armis
1115 2196 1391 2261 interim
1436 2195 1659 2260 induti
1700 2195 2137 2275 militaribus,
2177 2217 2291 2262 ar-

408 2296 917 2381 chiepiscopum
950 2316 989 2361 e
1023 2296 1318 2378 vestigio
1350 2302 1514 2360 sunt
1549 2296 1796 2373 secuti,
1837 2295 1979 2379 qui,
2014 2314 2167 2362 cum
2201 2298 2288 2362 ad

409 2397 769 2461 ecclesiam
807 2397 1301 2480 pervenissent,
1334 2394 1515 2460 ostia
1546 2394 1722 2480 ejus,
1759 2402 1839 2459 ut
1869 2405 2294 2479 praeceperat

405 2496 985 2579 archiepiscopus,
1009 2496 1420 2560 invenerunt
1445 2502 1718 2578 aperta;
1756 2500 1778 2530 ‘
1799 2494 2046 2579 Neque
2067 2496 2293 2576 enim,'

408 2595 534 2673 ait,
561 2601 582 2630 ‘
606 2594 863 2660 Christi
883 2595 1264 2672 ecclesiam,
1286 2613 1442 2678 quae
1469 2595 1737 2659 cunctis
1769 2594 1972 2660 debet
1999 2614 2150 2661 esse
2182 2617 2291 2660 re·

408 2693 698 2778 fugium,
733 2694 970 2760 ordine
1013 2696 1289 2760 turbato
1322 2695 1893 2759 commutabimus
1926 2696 1999 2760 in
2038 2697 2288 2762 castel-

406 2794 599 2860 lum.’
642 2795 896 2860 Turbis
929 2813 1201 2878 quoque
1230 2794 1533 2878 undique
1565 2794 2090 2874 confluentibus,
2111 2815 2289 2881 prae·

406 2894 536 2961 fati
594 2902 892 2980 quatuor
947 2895 1200 2960 milites
1261 2894 1620 2962 ecclesiam
1670 2894 2122 2961 irreverenter
2179 2896 2288 2962 in-

405 2996 628 3077 gressi
675 2996 971 3061 clamare
1012 3002 1393 3078 coeperunt,
1437 3000 1458 3029 ‘
1489 2995 1630 3060 Ubi
1679 3003 1789 3060 est
1827 2997 2140 3080 proditor
2178 3017 2287 3062 re-

405 3096 541 3177 gis,
585 3097 703 3160 ubi
746 3103 852 3161 est
901 3095 1213 3179 proditor
1263 3094 1472 3177 regiS,
1520 3095 1638 3158 ubi
1685 3102 1795 3160 est
1838 3096 2291 3180 archiepisco-

412 3214 540 3278 pus
558 3195 613 3259 Τ
686 3195 817 3261 Ille
855 3203 1111 3273 autem,
1144 3213 1298 3259 cum
1338 3193 1644 3259 audisset
1676 3214 1921 3260 nomen
1955 3195 2290 3280 archiepi-

404 3295 627 3378 scopi,
653 3313 696 3358 a
725 3295 928 3360 tertio
953 3295 1064 3359 vel
1095 3302 1342 3377 quarto
1373 3295 1781 3378 presbyterii
1813 3296 2057 3377 gradu,
2088 3316 2289 3379 quem

397 3394 553 3478 jam
584 3393 1007 3473 ascenderat,
1038 3395 1139 3459 eis
1171 3394 1443 3459 obviam
1479 3407 1833 3476 regressus
1874 3403 2004 3474 est,
2035 3394 2292 3474 dicenS,

404 3498 430 3527 ‘
457 3494 536 3558 Si
565 3490 871 3577 quaeritis
898 3493 1503 3577 archiepiscopum,
1537 3513 1697 3558 ecce
1727 3513 1834 3558 me
1866 3495 1937 3558 in
1971 3502 2293 3579 promptu

403 3592 684 3657 habetis
704 3592 744 3672 ;’
788 3594 1038 3677 quibus
1069 3587 1317 3658 acerba
1349 3589 1888 3677 proponentibus
1922 3595 1986 3658 ei
2012 3614 2094 3660 ac
2118 3615 2292 3659 mor-

405 3700 551 3758 tem
584 3692 1158 3757 comminantibus
1194 3693 1317 3770 ait,
1361 3697 1383 3727 ‘
1415 3693 1569 3776 Ego
1596 3692 1772 3758 mori
1799 3701 2082 3777 paratus
2114 3713 2291 3772 sum,

404 3787 578 3857 vitae
623 3792 993 3876 praeferens
1042 3794 1487 3857 assertionem
1527 3792 1824 3876 justitiae
1875 3801 1946 3858 et
1985 3793 2292 3858 ecclesiae

406 3891 846 3972 libertatem3
891 3911 1062 3973 rogo
1093 3897 1326 3956 tamen
1369 3899 1450 3956 ut
1486 3893 1620 3956 mei
1663 3912 1801 3956 non
1843 3894 1984 3958 sint
2014 3893 2294 3958 obnoxii

407 4011 666 4075 poenae,
688 3991 868 4056 sicut
894 4011 1032 4055 non
1060 3991 1334 4056 fuerunt
1357 3992 1745 4057 incentores
1776 3992 2052 4057 causae!
2105 3992 2293 4056 Dum

410 4099 650 4157 autem
702 4090 978 4155 nefandi
1025 4092 1379 4155 carnifices
1438 4092 1695 4156 strictis
1754 4092 1818 4156 ei
1861 4092 2297 4175 insurgerent

410 4191 691 4255 ensibus
731 4190 855 4269 ait,
889 4190 1083 4255 ‘Deo
1117 4199 1188 4256 et
1218 4191 1443 4256 beatae
1481 4191 1731 4256 Mariae
1765 4198 1836 4256 et
1868 4193 2127 4257 sanctis
2167 4190 2295 4254 hu-

399 4291 530 4375 jus
566 4290 871 4355 ecclesiae
904 4290 1212 4374 patronis
1246 4298 1317 4355 et
1352 4290 1557 4356 beato
1597 4290 1933 4375 Dionysio
1965 4292 2298 4373 meipsum

410 4398 490 4455 et
519 4391 823 4455 ecclesiae
860 4410 1139 4455 causam
1177 4389 1624 4455 commendo!
1726 4389 2134 4454 Immolatus
2164 4389 2298 4451 ita-

409 4509 555 4574 que
595 4499 858 4575 martyr
899 4491 1242 4575 gloriosus
1277 4497 1439 4554 ante
1476 4490 1692 4554 altare
1725 4491 1911 4555 beati
1946 4487 2301 4553 Benedicti
