<?xml version="1.0" encoding="UTF-8"?>
<!DOCTYPE html PUBLIC "-//W3C//DTD XHTML 1.0 Transitional//EN"
    "http://www.w3.org/TR/xhtml1/DTD/xhtml1-transitional.dtd">
<html xmlns="http://www.w3.org/1999/xhtml" xml:lang="en" lang="en">
 <head>
  <title>
</title>
<meta http-equiv="Content-Type" content="text/html;charset=utf-8" />
  <meta name='ocr-system' content='tesseract 3.04.00' />
  <meta name='ocr-capabilities' content='ocr_page ocr_carea ocr_par ocr_line ocrx_word'/>
</head>
<body>
  <div class='ocr_page' id='page_1' title='image "./rogeridewendove00wendgoog_0277.png"; bbox 0 0 3457 5887; ppageno 0'>
   <div class='ocr_carea' id='block_1_1' title="bbox 862 840 2221 906">
    <p class='ocr_par' dir='ltr' id='par_1_1' title="bbox 862 840 2221 906">
     <span class='ocr_line' id='line_1_1' title="bbox 862 840 2221 906; baseline 0.002 -3"><span class='ocrx_word' id='word_1_1' title='bbox 862 856 1134 905; x_wconf 69' lang='lat' dir='ltr'><strong>nonus</strong></span> <span class='ocrx_word' id='word_1_2' title='bbox 1181 857 1707 906; x_wconf 66' lang='lat' dir='ltr'><strong>ffls‘ronmnuu.</strong></span> <span class='ocrx_word' id='word_1_3' title='bbox 2090 840 2221 906; x_wconf 69' lang='lat'><strong>273</strong></span> 
     </span>
    </p>
   </div>
   <div class='ocr_carea' id='block_1_2' title="bbox 342 1010 2528 3784">
    <p class='ocr_par' dir='ltr' id='par_1_2' title="bbox 347 1010 2483 1298">
     <span class='ocr_line' id='line_1_2' title="bbox 348 1010 2483 1100; baseline 0.004 -27"><span class='ocrx_word' id='word_1_4' title='bbox 348 1010 809 1079; x_wconf 81' lang='lat' dir='ltr'><strong>fundamentis</strong></span> <span class='ocrx_word' id='word_1_5' title='bbox 835 1023 1337 1095; x_wconf 81' lang='lat' dir='ltr'><strong>construxerat,</strong></span> <span class='ocrx_word' id='word_1_6' title='bbox 1365 1017 1656 1082; x_wconf 81' lang='lat' dir='ltr'><strong>traditur</strong></span> <span class='ocrx_word' id='word_1_7' title='bbox 1680 1016 2079 1100; x_wconf 82' lang='lat' dir='ltr'><strong>sepulturae,</strong></span> <span class='ocrx_word' id='word_1_8' title='bbox 2097 1017 2216 1082; x_wconf 92' lang='lat' dir='ltr'><strong>ubi</strong></span> <span class='ocrx_word' id='word_1_9' title='bbox 2241 1024 2351 1067; x_wconf 68' lang='lat' dir='ltr'><strong>M&gt;-</strong></span> <span class='ocrx_word' id='word_1_10' title='bbox 2372 1027 2483 1068; x_wconf 76' lang='lat'><strong>¹¹⁶⁴·</strong></span> 
     </span>
     <span class='ocr_line' id='line_1_3' title="bbox 348 1111 2213 1201; baseline 0.005 -28"><span class='ocrx_word' id='word_1_11' title='bbox 348 1111 555 1192; x_wconf 89' lang='lat' dir='ltr'><strong>paulo</strong></span> <span class='ocrx_word' id='word_1_12' title='bbox 598 1122 761 1178; x_wconf 88' lang='lat' dir='ltr'><strong>ante</strong></span> <span class='ocrx_word' id='word_1_13' title='bbox 792 1115 1103 1179; x_wconf 85' lang='lat' dir='ltr'><strong>Matildis</strong></span> <span class='ocrx_word' id='word_1_14' title='bbox 1149 1137 1324 1182; x_wconf 84' lang='lat' dir='ltr'><strong>uxor</strong></span> <span class='ocrx_word' id='word_1_15' title='bbox 1367 1117 1516 1201; x_wconf 90' lang='lat' dir='ltr'><strong>ejus</strong></span> <span class='ocrx_word' id='word_1_16' title='bbox 1551 1124 1620 1181; x_wconf 87' lang='lat' dir='ltr'><strong>et</strong></span> <span class='ocrx_word' id='word_1_17' title='bbox 1649 1117 2065 1183; x_wconf 87' lang='lat' dir='ltr'><strong>Eustachius</strong></span> <span class='ocrx_word' id='word_1_18' title='bbox 2096 1137 2213 1182; x_wconf 93' lang='lat' dir='ltr'><strong>eo-</strong></span> 
     </span>
     <span class='ocr_line' id='line_1_4' title="bbox 347 1211 1209 1298; baseline 0.01 -27"><span class='ocrx_word' id='word_1_19' title='bbox 347 1228 498 1272; x_wconf 87' lang='lat' dir='ltr'><strong>rum</strong></span> <span class='ocrx_word' id='word_1_20' title='bbox 530 1211 713 1276; x_wconf 88' lang='lat' dir='ltr'><strong>filius</strong></span> <span class='ocrx_word' id='word_1_21' title='bbox 746 1223 908 1279; x_wconf 89' lang='lat' dir='ltr'><strong>sunt</strong></span> <span class='ocrx_word' id='word_1_22' title='bbox 935 1215 1209 1298; x_wconf 83' lang='lat' dir='ltr'><strong>sepulti.</strong></span> 
     </span>
    </p>

    <p class='ocr_par' dir='ltr' id='par_1_3' title="bbox 343 1309 2528 2887">
     <span class='ocr_line' id='line_1_5' title="bbox 451 1309 2512 1428; baseline 0.003 -54"><span class='ocrx_word' id='word_1_23' title='bbox 451 1309 620 1374; x_wconf 78' lang='lat' dir='ltr'><strong>Dux</strong></span> <span class='ocrx_word' id='word_1_24' title='bbox 646 1332 809 1378; x_wconf 85' lang='lat' dir='ltr'><strong>vero</strong></span> <span class='ocrx_word' id='word_1_25' title='bbox 853 1314 1406 1380; x_wconf 88' lang='lat' dir='ltr'><strong>Normannorum</strong></span> <span class='ocrx_word' id='word_1_26' title='bbox 1443 1315 1814 1395; x_wconf 75' lang='lat' dir='ltr'><strong>HenricuS,</strong></span> <span class='ocrx_word' id='word_1_27' title='bbox 1856 1317 2092 1381; x_wconf 89' lang='lat' dir='ltr'><strong>audito</strong></span> <span class='ocrx_word' id='word_1_28' title='bbox 2129 1316 2214 1380; x_wconf 90' lang='lat' dir='ltr'><strong>de</strong></span> <span class='ocrx_word' id='word_1_29' title='bbox 2237 1329 2512 1428; x_wconf 49' lang='lat' dir='ltr'><strong>fflgggq</strong></span> 
     </span>
     <span class='ocr_line' id='line_1_6' title="bbox 346 1405 2528 1494; baseline 0.004 -23"><span class='ocrx_word' id='word_1_30' title='bbox 346 1417 568 1473; x_wconf 91' lang='lat' dir='ltr'><strong>morte</strong></span> <span class='ocrx_word' id='word_1_31' title='bbox 620 1414 801 1494; x_wconf 82' lang='lat' dir='ltr'><strong>regis</strong></span> <span class='ocrx_word' id='word_1_32' title='bbox 843 1415 1140 1479; x_wconf 86' lang='lat' dir='ltr'><strong>veridico</strong></span> <span class='ocrx_word' id='word_1_33' title='bbox 1184 1417 1452 1494; x_wconf 88' lang='lat' dir='ltr'><strong>nuntio,</strong></span> <span class='ocrx_word' id='word_1_34' title='bbox 1478 1417 1669 1480; x_wconf 86' lang='lat' dir='ltr'><strong>venit</strong></span> <span class='ocrx_word' id='word_1_35' title='bbox 1703 1415 2214 1480; x_wconf 83' lang='lat' dir='ltr'><strong>Barbefluvium</strong></span> <span class='ocrx_word' id='word_1_36' title='bbox 2515 1405 2528 1417; x_wconf 66' lang='lat'><strong>⁹</strong></span> 
     </span>
     <span class='ocr_line' id='line_1_7' title="bbox 344 1509 2213 1593; baseline 0.004 -22"><span class='ocrx_word' id='word_1_37' title='bbox 344 1516 419 1571; x_wconf 89' lang='lat' dir='ltr'><strong>et</strong></span> <span class='ocrx_word' id='word_1_38' title='bbox 450 1509 544 1573; x_wconf 90' lang='lat' dir='ltr'><strong>ibi</strong></span> <span class='ocrx_word' id='word_1_39' title='bbox 576 1530 699 1593; x_wconf 90' lang='lat' dir='ltr'><strong>per</strong></span> <span class='ocrx_word' id='word_1_40' title='bbox 724 1532 1021 1577; x_wconf 90' lang='lat' dir='ltr'><strong>mensem</strong></span> <span class='ocrx_word' id='word_1_41' title='bbox 1067 1533 1273 1578; x_wconf 92' lang='lat' dir='ltr'><strong>unum</strong></span> <span class='ocrx_word' id='word_1_42' title='bbox 1318 1515 1404 1579; x_wconf 90' lang='lat' dir='ltr'><strong>ad</strong></span> <span class='ocrx_word' id='word_1_43' title='bbox 1450 1516 2026 1580; x_wconf 85' lang='lat' dir='ltr'><strong>transfretandum</strong></span> <span class='ocrx_word' id='word_1_44' title='bbox 2049 1534 2213 1579; x_wconf 86' lang='lat' dir='ltr'><strong>ven·</strong></span> 
     </span>
     <span class='ocr_line' id='line_1_8' title="bbox 344 1613 2215 1696; baseline 0.004 -26"><span class='ocrx_word' id='word_1_45' title='bbox 344 1615 495 1670; x_wconf 88' lang='lat' dir='ltr'><strong>tum</strong></span> <span class='ocrx_word' id='word_1_46' title='bbox 529 1629 900 1693; x_wconf 80' lang='lat' dir='ltr'><strong>congruum</strong></span> <span class='ocrx_word' id='word_1_47' title='bbox 931 1614 1382 1696; x_wconf 78' lang='lat' dir='ltr'><strong>exspectavit.</strong></span> <span class='ocrx_word' id='word_1_48' title='bbox 1464 1615 1635 1679; x_wconf 86' lang='lat' dir='ltr'><strong>Erat</strong></span> <span class='ocrx_word' id='word_1_49' title='bbox 1660 1615 1932 1680; x_wconf 87' lang='lat' dir='ltr'><strong>interim</strong></span> <span class='ocrx_word' id='word_1_50' title='bbox 1960 1616 2034 1679; x_wconf 91' lang='lat' dir='ltr'><strong>in</strong></span> <span class='ocrx_word' id='word_1_51' title='bbox 2069 1613 2215 1678; x_wconf 84' lang='lat' dir='ltr'><strong>An-</strong></span> 
     </span>
     <span class='ocr_line' id='line_1_9' title="bbox 343 1707 2212 1797; baseline 0.005 -28"><span class='ocrx_word' id='word_1_52' title='bbox 343 1707 493 1787; x_wconf 84' lang='lat' dir='ltr'><strong>glia</strong></span> <span class='ocrx_word' id='word_1_53' title='bbox 523 1728 662 1791; x_wconf 79' lang='lat' dir='ltr'><strong>pax</strong></span> <span class='ocrx_word' id='word_1_54' title='bbox 702 1731 988 1789; x_wconf 88' lang='lat' dir='ltr'><strong>summa,</strong></span> <span class='ocrx_word' id='word_1_55' title='bbox 1007 1713 1186 1797; x_wconf 89' lang='lat' dir='ltr'><strong>quod</strong></span> <span class='ocrx_word' id='word_1_56' title='bbox 1220 1733 1377 1778; x_wconf 87' lang='lat' dir='ltr'><strong>raro</strong></span> <span class='ocrx_word' id='word_1_57' title='bbox 1405 1715 1743 1797; x_wconf 83' lang='lat' dir='ltr'><strong>contingit</strong></span> <span class='ocrx_word' id='word_1_58' title='bbox 1785 1715 2062 1796; x_wconf 82' lang='lat' dir='ltr'><strong>regibus</strong></span> <span class='ocrx_word' id='word_1_59' title='bbox 2095 1714 2212 1778; x_wconf 90' lang='lat' dir='ltr'><strong>de·</strong></span> 
     </span>
     <span class='ocr_line' id='line_1_10' title="bbox 344 1805 2212 1891; baseline 0.005 -23"><span class='ocrx_word' id='word_1_60' title='bbox 344 1805 627 1886; x_wconf 85' lang='lat' dir='ltr'><strong>functis,</strong></span> <span class='ocrx_word' id='word_1_61' title='bbox 684 1811 770 1875; x_wconf 93' lang='lat' dir='ltr'><strong>ob</strong></span> <span class='ocrx_word' id='word_1_62' title='bbox 819 1831 1117 1876; x_wconf 87' lang='lat' dir='ltr'><strong>amorem</strong></span> <span class='ocrx_word' id='word_1_63' title='bbox 1169 1821 1241 1876; x_wconf 89' lang='lat' dir='ltr'><strong>et</strong></span> <span class='ocrx_word' id='word_1_64' title='bbox 1288 1814 1596 1877; x_wconf 85' lang='lat' dir='ltr'><strong>timorem</strong></span> <span class='ocrx_word' id='word_1_65' title='bbox 1657 1814 1847 1878; x_wconf 89' lang='lat' dir='ltr'><strong>ducis</strong></span> <span class='ocrx_word' id='word_1_66' title='bbox 1900 1813 2212 1891; x_wconf 89' lang='lat' dir='ltr'><strong>Henriei,</strong></span> 
     </span>
     <span class='ocr_line' id='line_1_11' title="bbox 344 1914 2211 1995; baseline 0.004 -27"><span class='ocrx_word' id='word_1_67' title='bbox 344 1924 552 1987; x_wconf 90' lang='lat' dir='ltr'><strong>quem</strong></span> <span class='ocrx_word' id='word_1_68' title='bbox 602 1928 834 1974; x_wconf 90' lang='lat' dir='ltr'><strong>omnes</strong></span> <span class='ocrx_word' id='word_1_69' title='bbox 885 1920 1242 1975; x_wconf 86' lang='lat' dir='ltr'><strong>venturum</strong></span> <span class='ocrx_word' id='word_1_70' title='bbox 1303 1919 1373 1976; x_wconf 92' lang='lat' dir='ltr'><strong>et</strong></span> <span class='ocrx_word' id='word_1_71' title='bbox 1423 1932 1650 1995; x_wconf 88' lang='lat' dir='ltr'><strong>regem</strong></span> <span class='ocrx_word' id='word_1_72' title='bbox 1705 1914 2007 1977; x_wconf 89' lang='lat' dir='ltr'><strong>futurum</strong></span> <span class='ocrx_word' id='word_1_73' title='bbox 2056 1932 2211 1995; x_wconf 87' lang='lat' dir='ltr'><strong>spe·</strong></span> 
     </span>
     <span class='ocr_line' id='line_1_12' title="bbox 346 2007 2211 2092; baseline 0.004 -23"><span class='ocrx_word' id='word_1_74' title='bbox 346 2007 620 2072; x_wconf 88' lang='lat' dir='ltr'><strong>rabant.</strong></span> <span class='ocrx_word' id='word_1_75' title='bbox 720 2009 886 2074; x_wconf 87' lang='lat' dir='ltr'><strong>Dux</strong></span> <span class='ocrx_word' id='word_1_76' title='bbox 932 2011 1144 2092; x_wconf 85' lang='lat' dir='ltr'><strong>igitur</strong></span> <span class='ocrx_word' id='word_1_77' title='bbox 1186 2010 1550 2088; x_wconf 79' lang='lat' dir='ltr'><strong>Hem-icus,</strong></span> <span class='ocrx_word' id='word_1_78' title='bbox 1586 2020 1833 2076; x_wconf 85' lang='lat' dir='ltr'><strong>octavo</strong></span> <span class='ocrx_word' id='word_1_79' title='bbox 1874 2012 2027 2076; x_wconf 87' lang='lat' dir='ltr'><strong>idus</strong></span> <span class='ocrx_word' id='word_1_80' title='bbox 2068 2012 2211 2077; x_wconf 92' lang='lat' dir='ltr'><strong>De·</strong></span> 
     </span>
     <span class='ocr_line' id='line_1_13' title="bbox 349 2107 2212 2193; baseline 0.004 -25"><span class='ocrx_word' id='word_1_81' title='bbox 349 2107 640 2170; x_wconf 86' lang='lat' dir='ltr'><strong>cembris</strong></span> <span class='ocrx_word' id='word_1_82' title='bbox 690 2108 761 2171; x_wconf 89' lang='lat' dir='ltr'><strong>in</strong></span> <span class='ocrx_word' id='word_1_83' title='bbox 812 2107 1133 2190; x_wconf 79' lang='lat' dir='ltr'><strong>Angliam</strong></span> <span class='ocrx_word' id='word_1_84' title='bbox 1194 2110 1490 2187; x_wconf 86' lang='lat' dir='ltr'><strong>veniens,</strong></span> <span class='ocrx_word' id='word_1_85' title='bbox 1544 2130 1697 2174; x_wconf 89' lang='lat' dir='ltr'><strong>cum</strong></span> <span class='ocrx_word' id='word_1_86' title='bbox 1748 2130 2000 2193; x_wconf 83' lang='lat' dir='ltr'><strong>magno</strong></span> <span class='ocrx_word' id='word_1_87' title='bbox 2051 2112 2212 2175; x_wconf 88' lang='lat' dir='ltr'><strong>cleri</strong></span> 
     </span>
     <span class='ocr_line' id='line_1_14' title="bbox 353 2204 2209 2292; baseline 0.004 -24"><span class='ocrx_word' id='word_1_88' title='bbox 353 2212 429 2269; x_wconf 89' lang='lat' dir='ltr'><strong>et</strong></span> <span class='ocrx_word' id='word_1_89' title='bbox 485 2206 723 2290; x_wconf 90' lang='lat' dir='ltr'><strong>populi</strong></span> <span class='ocrx_word' id='word_1_90' title='bbox 797 2207 1094 2290; x_wconf 88' lang='lat' dir='ltr'><strong>tripudio</strong></span> <span class='ocrx_word' id='word_1_91' title='bbox 1155 2216 1488 2292; x_wconf 88' lang='lat' dir='ltr'><strong>exceptus</strong></span> <span class='ocrx_word' id='word_1_92' title='bbox 1554 2218 1704 2287; x_wconf 87' lang='lat' dir='ltr'><strong>est;</strong></span> <span class='ocrx_word' id='word_1_93' title='bbox 1783 2219 1852 2274; x_wconf 91' lang='lat' dir='ltr'><strong>et</strong></span> <span class='ocrx_word' id='word_1_94' title='bbox 1918 2204 2209 2275; x_wconf 90' lang='lat' dir='ltr'><strong>¹decimo</strong></span> 
     </span>
     <span class='ocr_line' id='line_1_15' title="bbox 355 2306 2213 2386; baseline 0.003 -18"><span class='ocrx_word' id='word_1_95' title='bbox 355 2313 606 2386; x_wconf 87' lang='lat' dir='ltr'><strong>quarto</strong></span> <span class='ocrx_word' id='word_1_96' title='bbox 667 2306 998 2372; x_wconf 86' lang='lat' dir='ltr'><strong>kalendas</strong></span> <span class='ocrx_word' id='word_1_97' title='bbox 1048 2307 1097 2372; x_wconf 87' lang='lat' dir='ltr'>J</span> <span class='ocrx_word' id='word_1_98' title='bbox 1103 2308 1392 2385; x_wconf 88' lang='lat' dir='ltr'><strong>anuarii,</strong></span> <span class='ocrx_word' id='word_1_99' title='bbox 1457 2308 1567 2373; x_wconf 90' lang='lat' dir='ltr'><strong>die</strong></span> <span class='ocrx_word' id='word_1_100' title='bbox 1630 2308 1997 2373; x_wconf 92' lang='lat' dir='ltr'><strong>Dominica</strong></span> <span class='ocrx_word' id='word_1_101' title='bbox 2054 2317 2213 2373; x_wconf 89' lang='lat' dir='ltr'><strong>ante</strong></span> 
     </span>
     <span class='ocr_line' id='line_1_16' title="bbox 352 2405 2216 2491; baseline 0.003 -25"><span class='ocrx_word' id='word_1_102' title='bbox 352 2405 783 2470; x_wconf 85' lang='lat' dir='ltr'><strong>nativitatem</strong></span> <span class='ocrx_word' id='word_1_103' title='bbox 820 2407 1122 2484; x_wconf 87' lang='lat' dir='ltr'><strong>Domini,</strong></span> <span class='ocrx_word' id='word_1_104' title='bbox 1167 2407 1349 2491; x_wconf 90' lang='lat' dir='ltr'><strong>apud</strong></span> <span class='ocrx_word' id='word_1_105' title='bbox 1397 2406 2085 2472; x_wconf 76' lang='lat' dir='ltr'><strong>westmonasterium</strong></span> <span class='ocrx_word' id='word_1_106' title='bbox 2127 2410 2216 2472; x_wconf 89' lang='lat' dir='ltr'><strong>ab</strong></span> 
     </span>
     <span class='ocr_line' id='line_1_17' title="bbox 351 2504 2216 2585; baseline 0.003 -20"><span class='ocrx_word' id='word_1_107' title='bbox 351 2504 661 2568; x_wconf 90' lang='lat' dir='ltr'><strong>omnibus</strong></span> <span class='ocrx_word' id='word_1_108' title='bbox 703 2525 826 2569; x_wconf 83' lang='lat' dir='ltr'><strong>rex</strong></span> <span class='ocrx_word' id='word_1_109' title='bbox 880 2507 1297 2572; x_wconf 86' lang='lat' dir='ltr'><strong>acclamatus</strong></span> <span class='ocrx_word' id='word_1_110' title='bbox 1343 2527 1388 2571; x_wconf 88' lang='lat' dir='ltr'><strong>a</strong></span> <span class='ocrx_word' id='word_1_111' title='bbox 1436 2506 1860 2585; x_wconf 85' lang='lat' dir='ltr'><strong>Theobaldo,</strong></span> <span class='ocrx_word' id='word_1_112' title='bbox 1908 2506 2216 2571; x_wconf 86' lang='lat' dir='ltr'><strong>Cantua·</strong></span> 
     </span>
     <span class='ocr_line' id='line_1_18' title="bbox 350 2602 2209 2689; baseline 0.003 -24"><span class='ocrx_word' id='word_1_113' title='bbox 350 2602 558 2666; x_wconf 89' lang='lat' dir='ltr'><strong>riensi</strong></span> <span class='ocrx_word' id='word_1_114' title='bbox 618 2605 1156 2689; x_wconf 80' lang='lat' dir='ltr'><strong>archiepiscope,</strong></span> <span class='ocrx_word' id='word_1_115' title='bbox 1197 2607 1269 2669; x_wconf 90' lang='lat' dir='ltr'><strong>in</strong></span> <span class='ocrx_word' id='word_1_116' title='bbox 1322 2626 1548 2689; x_wconf 82' lang='lat' dir='ltr'><strong>regem</strong></span> <span class='ocrx_word' id='word_1_117' title='bbox 1600 2615 1708 2671; x_wconf 91' lang='lat' dir='ltr'><strong>est</strong></span> <span class='ocrx_word' id='word_1_118' title='bbox 1750 2614 2209 2681; x_wconf 65' lang='lat' dir='ltr'><strong>consecratus»,</strong></span> 
     </span>
     <span class='ocr_line' id='line_1_19' title="bbox 352 2704 2213 2789; baseline 0.003 -26"><span class='ocrx_word' id='word_1_119' title='bbox 352 2704 803 2783; x_wconf 69' lang='lat' dir='ltr'><strong>pra-,sentibus</strong></span> <span class='ocrx_word' id='word_1_120' title='bbox 853 2706 1401 2788; x_wconf 86' lang='lat' dir='ltr'><strong>archiepiscopis,</strong></span> <span class='ocrx_word' id='word_1_121' title='bbox 1444 2707 1781 2789; x_wconf 87' lang='lat' dir='ltr'><strong>episcopis</strong></span> <span class='ocrx_word' id='word_1_122' title='bbox 1828 2714 1899 2771; x_wconf 93' lang='lat' dir='ltr'><strong>et</strong></span> <span class='ocrx_word' id='word_1_123' title='bbox 1945 2707 2213 2770; x_wconf 90' lang='lat' dir='ltr'><strong>baroni-</strong></span> 
     </span>
     <span class='ocr_line' id='line_1_20' title="bbox 349 2802 2210 2887; baseline 0.001 -23"><span class='ocrx_word' id='word_1_124' title='bbox 349 2802 480 2865; x_wconf 91' lang='lat' dir='ltr'><strong>bus</strong></span> <span class='ocrx_word' id='word_1_125' title='bbox 523 2803 717 2884; x_wconf 82' lang='lat' dir='ltr'><strong>regni</strong></span> <span class='ocrx_word' id='word_1_126' title='bbox 757 2803 1132 2887; x_wconf 88' lang='lat' dir='ltr'><strong>Anglorum</strong></span> <span class='ocrx_word' id='word_1_127' title='bbox 1179 2814 1249 2871; x_wconf 89' lang='lat' dir='ltr'><strong>et</strong></span> <span class='ocrx_word' id='word_1_128' title='bbox 1299 2805 1590 2870; x_wconf 87' lang='lat' dir='ltr'><strong>ducatus</strong></span> <span class='ocrx_word' id='word_1_129' title='bbox 1639 2805 2210 2872; x_wconf 88' lang='lat' dir='ltr'><strong>Normannorum.</strong></span> 
     </span>
    </p>

    <p class='ocr_par' dir='ltr' id='par_1_4' title="bbox 342 2899 2220 3784">
     <span class='ocr_line' id='line_1_21' title="bbox 353 2899 2215 2990; baseline 0.002 -25"><span class='ocrx_word' id='word_1_130' title='bbox 353 2899 499 2980; x_wconf 83' lang='lat' dir='ltr'><strong>Qui</strong></span> <span class='ocrx_word' id='word_1_131' title='bbox 552 2902 876 2969; x_wconf 88' lang='lat' dir='ltr'><strong>continuo</strong></span> <span class='ocrx_word' id='word_1_132' title='bbox 923 2905 995 2969; x_wconf 89' lang='lat' dir='ltr'><strong>in</strong></span> <span class='ocrx_word' id='word_1_133' title='bbox 1036 2925 1265 2988; x_wconf 86' lang='lat' dir='ltr'><strong>regem</strong></span> <span class='ocrx_word' id='word_1_134' title='bbox 1319 2912 1672 2989; x_wconf 90' lang='lat' dir='ltr'><strong>promotus</strong></span> <span class='ocrx_word' id='word_1_135' title='bbox 1725 2906 1937 2989; x_wconf 87' lang='lat' dir='ltr'><strong>coepit</strong></span> <span class='ocrx_word' id='word_1_136' title='bbox 1986 2905 2057 2970; x_wconf 93' lang='lat' dir='ltr'><strong>in</strong></span> <span class='ocrx_word' id='word_1_137' title='bbox 2096 2905 2215 2990; x_wconf 87' lang='lat' dir='ltr'><strong>jus</strong></span> 
     </span>
     <span class='ocr_line' id='line_1_22' title="bbox 348 3003 2216 3089; baseline 0.002 -25"><span class='ocrx_word' id='word_1_138' title='bbox 348 3003 699 3083; x_wconf 88' lang='lat' dir='ltr'><strong>proprium</strong></span> <span class='ocrx_word' id='word_1_139' title='bbox 732 3023 1051 3069; x_wconf 85' lang='lat' dir='ltr'><strong>revocare</strong></span> <span class='ocrx_word' id='word_1_140' title='bbox 1100 3008 1327 3083; x_wconf 89' lang='lat' dir='ltr'><strong>urbes,</strong></span> <span class='ocrx_word' id='word_1_141' title='bbox 1371 3005 1656 3070; x_wconf 88' lang='lat' dir='ltr'><strong>castella</strong></span> <span class='ocrx_word' id='word_1_142' title='bbox 1700 3013 1772 3070; x_wconf 93' lang='lat' dir='ltr'><strong>et</strong></span> <span class='ocrx_word' id='word_1_143' title='bbox 1803 3006 2029 3082; x_wconf 80' lang='lat' dir='ltr'><strong>villas,</strong></span> <span class='ocrx_word' id='word_1_144' title='bbox 2061 3024 2216 3089; x_wconf 84' lang='lat' dir='ltr'><strong>quae</strong></span> 
     </span>
     <span class='ocr_line' id='line_1_23' title="bbox 348 3100 2220 3187; baseline 0.003 -24"><span class='ocrx_word' id='word_1_145' title='bbox 348 3100 445 3164; x_wconf 91' lang='lat' dir='ltr'><strong>ad</strong></span> <span class='ocrx_word' id='word_1_146' title='bbox 503 3120 821 3167; x_wconf 89' lang='lat' dir='ltr'><strong>coronam</strong></span> <span class='ocrx_word' id='word_1_147' title='bbox 886 3106 1325 3187; x_wconf 83' lang='lat' dir='ltr'><strong>spectabant3</strong></span> <span class='ocrx_word' id='word_1_148' title='bbox 1389 3112 1616 3169; x_wconf 85' lang='lat' dir='ltr'><strong>castra</strong></span> <span class='ocrx_word' id='word_1_149' title='bbox 1669 3105 2053 3169; x_wconf 89' lang='lat' dir='ltr'><strong>adulterina</strong></span> <span class='ocrx_word' id='word_1_150' title='bbox 2104 3104 2220 3168; x_wconf 76' lang='lat' dir='ltr'><strong>de·</strong></span> 
     </span>
     <span class='ocr_line' id='line_1_24' title="bbox 348 3201 2218 3286; baseline 0.002 -23"><span class='ocrx_word' id='word_1_151' title='bbox 348 3201 703 3278; x_wconf 89' lang='lat' dir='ltr'><strong>struendo,</strong></span> <span class='ocrx_word' id='word_1_152' title='bbox 737 3203 1175 3286; x_wconf 82' lang='lat' dir='ltr'><strong>alienigenas,</strong></span> <span class='ocrx_word' id='word_1_153' title='bbox 1203 3211 1273 3268; x_wconf 89' lang='lat' dir='ltr'><strong>et</strong></span> <span class='ocrx_word' id='word_1_154' title='bbox 1308 3205 1608 3269; x_wconf 80' lang='lat' dir='ltr'><strong>maxime</strong></span> <span class='ocrx_word' id='word_1_155' title='bbox 1633 3204 2103 3280; x_wconf 68' lang='lat' dir='ltr'><strong>mandi-enses,</strong></span> <span class='ocrx_word' id='word_1_156' title='bbox 2134 3204 2218 3267; x_wconf 93' lang='lat' dir='ltr'><strong>de</strong></span> 
     </span>
     <span class='ocr_line' id='line_1_25' title="bbox 347 3302 2215 3387; baseline 0.002 -25"><span class='ocrx_word' id='word_1_157' title='bbox 347 3319 572 3381; x_wconf 82' lang='lat' dir='ltr'><strong>regno</strong></span> <span class='ocrx_word' id='word_1_158' title='bbox 618 3302 1045 3384; x_wconf 84' lang='lat' dir='ltr'><strong>expellendo,</strong></span> <span class='ocrx_word' id='word_1_159' title='bbox 1095 3311 1165 3368; x_wconf 93' lang='lat' dir='ltr'><strong>et</strong></span> <span class='ocrx_word' id='word_1_160' title='bbox 1220 3303 1550 3387; x_wconf 89' lang='lat' dir='ltr'><strong>quosdam</strong></span> <span class='ocrx_word' id='word_1_161' title='bbox 1615 3303 2215 3386; x_wconf 88' lang='lat' dir='ltr'><strong>pseudo-comites,</strong></span> 
     </span>
     <span class='ocr_line' id='line_1_26' title="bbox 345 3399 2219 3486; baseline 0.002 -25"><span class='ocrx_word' id='word_1_162' title='bbox 345 3399 604 3480; x_wconf 90' lang='lat' dir='ltr'><strong>quibus</strong></span> <span class='ocrx_word' id='word_1_163' title='bbox 659 3421 779 3465; x_wconf 84' lang='lat' dir='ltr'><strong>rex</strong></span> <span class='ocrx_word' id='word_1_164' title='bbox 838 3401 1226 3486; x_wconf 87' lang='lat' dir='ltr'><strong>Stephanus</strong></span> <span class='ocrx_word' id='word_1_165' title='bbox 1289 3423 1486 3486; x_wconf 86' lang='lat' dir='ltr'><strong>paene</strong></span> <span class='ocrx_word' id='word_1_166' title='bbox 1546 3404 1775 3467; x_wconf 88' lang='lat' dir='ltr'><strong>omnia</strong></span> <span class='ocrx_word' id='word_1_167' title='bbox 1835 3403 1922 3466; x_wconf 90' lang='lat' dir='ltr'><strong>ad</strong></span> <span class='ocrx_word' id='word_1_168' title='bbox 1983 3402 2219 3465; x_wconf 88' lang='lat' dir='ltr'><strong>fiscum</strong></span> 
     </span>
     <span class='ocr_line' id='line_1_27' title="bbox 344 3498 2217 3585; baseline 0.002 -25"><span class='ocrx_word' id='word_1_169' title='bbox 344 3498 767 3580; x_wconf 87' lang='lat' dir='ltr'><strong>pertinentia</strong></span> <span class='ocrx_word' id='word_1_170' title='bbox 820 3503 1043 3566; x_wconf 91' lang='lat' dir='ltr'><strong>minus</strong></span> <span class='ocrx_word' id='word_1_171' title='bbox 1092 3511 1293 3568; x_wconf 89' lang='lat' dir='ltr'><strong>caute</strong></span> <span class='ocrx_word' id='word_1_172' title='bbox 1342 3503 1746 3580; x_wconf 88' lang='lat' dir='ltr'><strong>contulerat,</strong></span> <span class='ocrx_word' id='word_1_173' title='bbox 1799 3501 2217 3585; x_wconf 90' lang='lat' dir='ltr'><strong>deponendo.</strong></span> 
     </span>
     <span class='ocr_line' id='line_1_28' title="bbox 346 3597 2219 3686; baseline 0.002 -26"><span class='ocrx_word' id='word_1_174' title='bbox 346 3597 611 3661; x_wconf 89' lang='lat' dir='ltr'><strong>Eodem</strong></span> <span class='ocrx_word' id='word_1_175' title='bbox 660 3619 841 3665; x_wconf 89' lang='lat' dir='ltr'><strong>anno</strong></span> <span class='ocrx_word' id='word_1_176' title='bbox 891 3621 1014 3666; x_wconf 86' lang='lat' dir='ltr'><strong>rex</strong></span> <span class='ocrx_word' id='word_1_177' title='bbox 1075 3602 1705 3686; x_wconf 82' lang='lat' dir='ltr'><strong>Hierosolymamm</strong></span> <span class='ocrx_word' id='word_1_178' title='bbox 1762 3602 2219 3677; x_wconf 75' lang='lat' dir='ltr'><strong>BaldewinuS,</strong></span> 
     </span>
     <span class='ocr_line' id='line_1_29' title="bbox 342 3695 2217 3784; baseline 0.001 -23"><span class='ocrx_word' id='word_1_179' title='bbox 342 3699 633 3780; x_wconf 88' lang='lat' dir='ltr'><strong>copioso</strong></span> <span class='ocrx_word' id='word_1_180' title='bbox 676 3700 876 3764; x_wconf 89' lang='lat' dir='ltr'><strong>nimis</strong></span> <span class='ocrx_word' id='word_1_181' title='bbox 933 3703 1238 3766; x_wconf 85' lang='lat' dir='ltr'><strong>exercitu</strong></span> <span class='ocrx_word' id='word_1_182' title='bbox 1296 3709 1738 3784; x_wconf 82' lang='lat' dir='ltr'><strong>congregato,</strong></span> <span class='ocrx_word' id='word_1_183' title='bbox 1776 3695 2217 3766; x_wconf 81' lang='lat' dir='ltr'><strong>²Ascalonam</strong></span> 
     </span>
    </p>
   </div>
   <div class='ocr_carea' id='block_1_3' title="bbox 342 3933 2236 4694">
    <p class='ocr_par' dir='ltr' id='par_1_5' title="bbox 342 3933 2236 4694">
     <span class='ocr_line' id='line_1_30' title="bbox 420 3933 2222 4000; baseline -0.001 -15"><span class='ocrx_word' id='word_1_184' title='bbox 420 3934 648 3985; x_wconf 71' lang='grc' dir='ltr'><strong>1Βεείπιο</strong></span> <span class='ocrx_word' id='word_1_185' title='bbox 660 3937 870 4000; x_wconf 65' lang='lat' dir='ltr'><strong>quanm]</strong></span> <span class='ocrx_word' id='word_1_186' title='bbox 888 3933 1263 3986; x_wconf 76' lang='lat' dir='ltr'><strong>Gervasereads</strong></span> <span class='ocrx_word' id='word_1_187' title='bbox 1312 3933 1485 3982; x_wconf 81' lang='lat' dir='ltr'><strong>would</strong></span> <span class='ocrx_word' id='word_1_188' title='bbox 1519 3933 1635 3982; x_wconf 85' lang='lat' dir='ltr'><strong>here</strong></span> <span class='ocrx_word' id='word_1_189' title='bbox 1670 3934 1912 3996; x_wconf 79' lang='lat' dir='ltr'><strong>certainly</strong></span> <span class='ocrx_word' id='word_1_190' title='bbox 1948 3948 2137 3995; x_wconf 81' lang='lat' dir='ltr'><strong>appear</strong></span> <span class='ocrx_word' id='word_1_191' title='bbox 2169 3939 2222 3983; x_wconf 86' lang='lat' dir='ltr'><strong>to</strong></span> 
     </span>
     <span class='ocr_line' id='line_1_31' title="bbox 343 4003 2222 4066; baseline -0.002 -10"><span class='ocrx_word' id='word_1_192' title='bbox 343 4007 587 4056; x_wconf 57' lang='lat' dir='ltr'><strong>*decimo</strong></span> <span class='ocrx_word' id='word_1_193' title='bbox 629 4006 806 4065; x_wconf 74' lang='lat' dir='ltr'><strong>sexto‚’</strong></span> <span class='ocrx_word' id='word_1_194' title='bbox 841 4008 934 4054; x_wconf 90' lang='lat' dir='ltr'><strong>but</strong></span> <span class='ocrx_word' id='word_1_195' title='bbox 974 4006 1016 4054; x_wconf 85' lang='lat' dir='ltr'><strong>it</strong></span> <span class='ocrx_word' id='word_1_196' title='bbox 1050 4019 1166 4066; x_wconf 82' lang='lat' dir='ltr'><strong>may</strong></span> <span class='ocrx_word' id='word_1_197' title='bbox 1201 4006 1263 4054; x_wconf 87' lang='lat' dir='ltr'><strong>be</strong></span> <span class='ocrx_word' id='word_1_198' title='bbox 1310 4004 1527 4053; x_wconf 87' lang='lat' dir='ltr'><strong>indicate</strong></span> <span class='ocrx_word' id='word_1_199' title='bbox 1547 4003 1655 4052; x_wconf 80' lang='lat' dir='ltr'><strong>that</strong></span> <span class='ocrx_word' id='word_1_200' title='bbox 1675 4004 1760 4053; x_wconf 83' lang='lat' dir='ltr'><strong>the</strong></span> <span class='ocrx_word' id='word_1_201' title='bbox 1788 4005 2071 4052; x_wconf 80' lang='lat' dir='ltr'><strong>eomnation</strong></span> <span class='ocrx_word' id='word_1_202' title='bbox 2103 4003 2222 4052; x_wconf 81' lang='lat' dir='ltr'><strong>took</strong></span> 
     </span>
     <span class='ocr_line' id='line_1_32' title="bbox 342 4072 2226 4138; baseline -0.004 -10"><span class='ocrx_word' id='word_1_203' title='bbox 342 4077 504 4138; x_wconf 76' lang='lat' dir='ltr'><strong>fairly</strong></span> <span class='ocrx_word' id='word_1_204' title='bbox 524 4076 743 4125; x_wconf 83' lang='lat' dir='ltr'><strong>doubted</strong></span> <span class='ocrx_word' id='word_1_205' title='bbox 766 4075 989 4124; x_wconf 83' lang='lat' dir='ltr'><strong>whether</strong></span> <span class='ocrx_word' id='word_1_206' title='bbox 1009 4075 1092 4123; x_wconf 84' lang='lat' dir='ltr'><strong>the</strong></span> <span class='ocrx_word' id='word_1_207' title='bbox 1115 4075 1265 4123; x_wconf 89' lang='lat' dir='ltr'><strong>monk</strong></span> <span class='ocrx_word' id='word_1_208' title='bbox 1311 4074 1455 4135; x_wconf 81' lang='lat' dir='ltr'><strong>place</strong></span> <span class='ocrx_word' id='word_1_209' title='bbox 1486 4088 1552 4122; x_wconf 90' lang='lat' dir='ltr'><strong>on</strong></span> <span class='ocrx_word' id='word_1_210' title='bbox 1581 4073 1665 4122; x_wconf 83' lang='lat' dir='ltr'><strong>the</strong></span> <span class='ocrx_word' id='word_1_211' title='bbox 1697 4074 1925 4136; x_wconf 80' lang='lat' dir='ltr'><strong>Sunday,</strong></span> <span class='ocrx_word' id='word_1_212' title='bbox 1956 4072 2226 4134; x_wconf 78' lang='lat' dir='ltr'><strong>according</strong></span> 
     </span>
     <span class='ocr_line' id='line_1_33' title="bbox 343 4141 2223 4209; baseline -0.003 -14"><span class='ocrx_word' id='word_1_213' title='bbox 343 4147 621 4209; x_wconf 77' lang='lat' dir='ltr'><strong>originally</strong></span> <span class='ocrx_word' id='word_1_214' title='bbox 660 4145 868 4194; x_wconf 80' lang='lat' dir='ltr'><strong>differed</strong></span> <span class='ocrx_word' id='word_1_215' title='bbox 905 4146 955 4192; x_wconf 93' lang='lat' dir='ltr'><strong>in</strong></span> <span class='ocrx_word' id='word_1_216' title='bbox 993 4143 1073 4192; x_wconf 86' lang='lat' dir='ltr'><strong>his</strong></span> <span class='ocrx_word' id='word_1_217' title='bbox 1116 4149 1266 4192; x_wconf 86' lang='lat' dir='ltr'><strong>state·</strong></span> <span class='ocrx_word' id='word_1_218' title='bbox 1312 4149 1362 4191; x_wconf 87' lang='lat' dir='ltr'><strong>to</strong></span> <span class='ocrx_word' id='word_1_219' title='bbox 1383 4143 1466 4192; x_wconf 84' lang='lat' dir='ltr'><strong>the</strong></span> <span class='ocrx_word' id='word_1_220' title='bbox 1488 4143 1700 4205; x_wconf 80' lang='lat' dir='ltr'><strong>original</strong></span> <span class='ocrx_word' id='word_1_221' title='bbox 1720 4144 1977 4204; x_wconf 87' lang='lat' dir='ltr'><strong>intention,</strong></span> <span class='ocrx_word' id='word_1_222' title='bbox 2009 4141 2107 4190; x_wconf 81' lang='lat' dir='ltr'><strong>and</strong></span> <span class='ocrx_word' id='word_1_223' title='bbox 2139 4141 2223 4190; x_wconf 84' lang='lat' dir='ltr'><strong>the</strong></span> 
     </span>
     <span class='ocr_line' id='line_1_34' title="bbox 347 4210 2222 4275; baseline -0.002 -11"><span class='ocrx_word' id='word_1_224' title='bbox 347 4222 494 4265; x_wconf 83' lang='lat' dir='ltr'><strong>ment</strong></span> <span class='ocrx_word' id='word_1_225' title='bbox 514 4216 640 4263; x_wconf 79' lang='lat' dir='ltr'><strong>from</strong></span> <span class='ocrx_word' id='word_1_226' title='bbox 661 4215 769 4263; x_wconf 79' lang='lat' dir='ltr'><strong>that</strong></span> <span class='ocrx_word' id='word_1_227' title='bbox 788 4214 847 4263; x_wconf 75' lang='lat' dir='ltr'><strong>of</strong></span> <span class='ocrx_word' id='word_1_228' title='bbox 864 4215 949 4263; x_wconf 87' lang='lat' dir='ltr'><strong>the</strong></span> <span class='ocrx_word' id='word_1_229' title='bbox 969 4214 1110 4263; x_wconf 82' lang='lat' dir='ltr'><strong>other</strong></span> <span class='ocrx_word' id='word_1_230' title='bbox 1128 4213 1268 4262; x_wconf 87' lang='lat' dir='ltr'><strong>chro-</strong></span> <span class='ocrx_word' id='word_1_231' title='bbox 1314 4213 1520 4273; x_wconf 76' lang='lat' dir='ltr'><strong>Sunday</strong></span> <span class='ocrx_word' id='word_1_232' title='bbox 1536 4213 1588 4260; x_wconf 85' lang='lat' dir='ltr'><strong>in</strong></span> <span class='ocrx_word' id='word_1_233' title='bbox 1608 4212 1709 4261; x_wconf 74' lang='lat' dir='ltr'><strong>this</strong></span> <span class='ocrx_word' id='word_1_234' title='bbox 1731 4228 1851 4275; x_wconf 82' lang='lat' dir='ltr'><strong>year</strong></span> <span class='ocrx_word' id='word_1_235' title='bbox 1872 4212 1958 4261; x_wconf 86' lang='lat' dir='ltr'><strong>fell</strong></span> <span class='ocrx_word' id='word_1_236' title='bbox 1981 4226 2116 4273; x_wconf 84' lang='lat' dir='ltr'><strong>upon</strong></span> <span class='ocrx_word' id='word_1_237' title='bbox 2138 4210 2222 4260; x_wconf 77' lang='lat' dir='ltr'><strong>the</strong></span> 
     </span>
     <span class='ocr_line' id='line_1_35' title="bbox 345 4282 2053 4345; baseline -0.002 -11"><span class='ocrx_word' id='word_1_238' title='bbox 345 4287 559 4343; x_wconf 83' lang='lat' dir='ltr'><strong>niclers,</strong></span> <span class='ocrx_word' id='word_1_239' title='bbox 580 4285 718 4333; x_wconf 82' lang='lat' dir='ltr'><strong>since</strong></span> <span class='ocrx_word' id='word_1_240' title='bbox 740 4285 792 4332; x_wconf 87' lang='lat' dir='ltr'><strong>in</strong></span> <span class='ocrx_word' id='word_1_241' title='bbox 813 4285 896 4334; x_wconf 83' lang='lat' dir='ltr'><strong>the</strong></span> <span class='ocrx_word' id='word_1_242' title='bbox 918 4289 1025 4332; x_wconf 82' lang='lat' dir='ltr'><strong>text</strong></span> <span class='ocrx_word' id='word_1_243' title='bbox 1043 4284 1126 4333; x_wconf 83' lang='lat' dir='ltr'><strong>the</strong></span> <span class='ocrx_word' id='word_1_244' title='bbox 1148 4297 1266 4345; x_wconf 71' lang='lat' dir='ltr'><strong>pas-</strong></span> <span class='ocrx_word' id='word_1_245' title='bbox 1315 4284 1417 4334; x_wconf 81' lang='lat' dir='ltr'><strong>xiv.</strong></span> <span class='ocrx_word' id='word_1_246' title='bbox 1440 4283 1545 4332; x_wconf 76' lang='lat' dir='ltr'><strong>kal.</strong></span> <span class='ocrx_word' id='word_1_247' title='bbox 1567 4282 1688 4332; x_wconf 82' lang='lat' dir='ltr'><strong>Jan.</strong></span> <span class='ocrx_word' id='word_1_248' title='bbox 1708 4298 1767 4332; x_wconf 92' lang='lat' dir='ltr'><strong>or</strong></span> <span class='ocrx_word' id='word_1_249' title='bbox 1788 4282 1905 4331; x_wconf 71' lang='lat' dir='ltr'><strong>loth</strong></span> <span class='ocrx_word' id='word_1_250' title='bbox 1924 4282 2053 4332; x_wconf 83' lang='lat' dir='ltr'><strong>Dec.</strong></span> 
     </span>
     <span class='ocr_line' id='line_1_36' title="bbox 347 4353 1270 4418; baseline -0.004 -14"><span class='ocrx_word' id='word_1_251' title='bbox 347 4370 475 4418; x_wconf 80' lang='lat' dir='ltr'><strong>sage</strong></span> <span class='ocrx_word' id='word_1_252' title='bbox 520 4368 638 4403; x_wconf 77' lang='lat' dir='ltr'><strong>runs</strong></span> <span class='ocrx_word' id='word_1_253' title='bbox 682 4353 832 4413; x_wconf 84' lang='lat' dir='ltr'><strong>thus;</strong></span> <span class='ocrx_word' id='word_1_254' title='bbox 871 4353 1097 4402; x_wconf 82' lang='lat' dir='ltr'><strong>‘Deinde</strong></span> <span class='ocrx_word' id='word_1_255' title='bbox 1140 4353 1270 4400; x_wconf 87' lang='lat' dir='ltr'><strong>Lon-</strong></span> 
     </span>
     <span class='ocr_line' id='line_1_37' title="bbox 345 4416 2236 4489; baseline -0.005 -17"><span class='ocrx_word' id='word_1_256' title='bbox 345 4425 559 4474; x_wconf 77' lang='lat' dir='ltr'><strong>doniam</strong></span> <span class='ocrx_word' id='word_1_257' title='bbox 580 4423 744 4485; x_wconf 88' lang='lat' dir='ltr'><strong>petiit,</strong></span> <span class='ocrx_word' id='word_1_258' title='bbox 764 4424 989 4485; x_wconf 84' lang='lat' dir='ltr'><strong>proxima</strong></span> <span class='ocrx_word' id='word_1_259' title='bbox 1004 4423 1271 4471; x_wconf 77' lang='lat' dir='ltr'><strong>Dominica</strong></span> <span class='ocrx_word' id='word_1_260' title='bbox 1386 4417 1408 4448; x_wconf 83' lang='lat'>²</span> <span class='ocrx_word' id='word_1_261' title='bbox 1421 4416 1761 4489; x_wconf 63' lang='lat' dir='ltr'><strong>Ascalonem]</strong></span> <span class='ocrx_word' id='word_1_262' title='bbox 1810 4418 1917 4467; x_wconf 87' lang='lat' dir='ltr'><strong>The</strong></span> <span class='ocrx_word' id='word_1_263' title='bbox 1950 4420 2138 4477; x_wconf 75' lang='lat' dir='ltr'><strong>history</strong></span> <span class='ocrx_word' id='word_1_264' title='bbox 2177 4416 2236 4464; x_wconf 78' lang='lat' dir='ltr'><strong>os</strong></span> 
     </span>
     <span class='ocr_line' id='line_1_38' title="bbox 347 4486 2228 4553; baseline -0.005 -10"><span class='ocrx_word' id='word_1_265' title='bbox 347 4500 472 4543; x_wconf 80' lang='lat' dir='ltr'><strong>ante</strong></span> <span class='ocrx_word' id='word_1_266' title='bbox 530 4494 837 4542; x_wconf 76' lang='lat' dir='ltr'><strong>nativitatem</strong></span> <span class='ocrx_word' id='word_1_267' title='bbox 892 4493 1096 4541; x_wconf 85' lang='lat' dir='ltr'><strong>Domini</strong></span> <span class='ocrx_word' id='word_1_268' title='bbox 1136 4507 1273 4542; x_wconf 84' lang='lat' dir='ltr'><strong>coro·</strong></span> <span class='ocrx_word' id='word_1_269' title='bbox 1319 4490 1402 4540; x_wconf 88' lang='lat' dir='ltr'><strong>the</strong></span> <span class='ocrx_word' id='word_1_270' title='bbox 1446 4490 1585 4553; x_wconf 77' lang='lat' dir='ltr'><strong>siege</strong></span> <span class='ocrx_word' id='word_1_271' title='bbox 1629 4490 1687 4538; x_wconf 83' lang='lat' dir='ltr'><strong>of</strong></span> <span class='ocrx_word' id='word_1_272' title='bbox 1735 4488 1955 4538; x_wconf 75' lang='lat' dir='ltr'><strong>Ascalon</strong></span> <span class='ocrx_word' id='word_1_273' title='bbox 2008 4501 2124 4548; x_wconf 82' lang='lat' dir='ltr'><strong>may</strong></span> <span class='ocrx_word' id='word_1_274' title='bbox 2167 4486 2228 4533; x_wconf 86' lang='lat' dir='ltr'><strong>be</strong></span> 
     </span>
     <span class='ocr_line' id='line_1_39' title="bbox 347 4553 2235 4624; baseline -0.006 -11"><span class='ocrx_word' id='word_1_275' title='bbox 347 4564 590 4622; x_wconf 77' lang='lat' dir='ltr'><strong>nandus;</strong></span> <span class='ocrx_word' id='word_1_276' title='bbox 625 4563 784 4624; x_wconf 73' lang='lat' dir='ltr'><strong>igitur</strong></span> <span class='ocrx_word' id='word_1_277' title='bbox 798 4568 939 4611; x_wconf 82' lang='lat' dir='ltr'><strong>sexto</strong></span> <span class='ocrx_word' id='word_1_278' title='bbox 954 4562 1147 4612; x_wconf 89' lang='lat' dir='ltr'><strong>decimo</strong></span> <span class='ocrx_word' id='word_1_279' title='bbox 1168 4561 1273 4610; x_wconf 78' lang='lat' dir='ltr'><strong>kal.</strong></span> <span class='ocrx_word' id='word_1_280' title='bbox 1322 4559 1475 4609; x_wconf 79' lang='lat' dir='ltr'><strong>found</strong></span> <span class='ocrx_word' id='word_1_281' title='bbox 1509 4565 1563 4608; x_wconf 82' lang='lat' dir='ltr'><strong>at</strong></span> <span class='ocrx_word' id='word_1_282' title='bbox 1608 4559 1779 4622; x_wconf 76' lang='lat' dir='ltr'><strong>length</strong></span> <span class='ocrx_word' id='word_1_283' title='bbox 1821 4559 1873 4606; x_wconf 90' lang='lat' dir='ltr'><strong>in</strong></span> <span class='ocrx_word' id='word_1_284' title='bbox 1914 4558 2136 4607; x_wconf 77' lang='lat' dir='ltr'><strong>william</strong></span> <span class='ocrx_word' id='word_1_285' title='bbox 2180 4553 2235 4602; x_wconf 77' lang='lat' dir='ltr'><strong>or</strong></span> 
     </span>
     <span class='ocr_line' id='line_1_40' title="bbox 347 4626 1831 4694; baseline -0.005 -10"><span class='ocrx_word' id='word_1_286' title='bbox 347 4635 478 4685; x_wconf 84' lang='lat' dir='ltr'><strong>Jan.</strong></span> <span class='ocrx_word' id='word_1_287' title='bbox 498 4636 762 4682; x_wconf 80' lang='lat' dir='ltr'><strong>comnatus</strong></span> <span class='ocrx_word' id='word_1_288' title='bbox 783 4627 890 4682; x_wconf 60' lang='lat' dir='ltr'><strong>est?</strong></span> <span class='ocrx_word' id='word_1_289' title='bbox 949 4632 1055 4680; x_wconf 82' lang='lat' dir='ltr'><strong>The</strong></span> <span class='ocrx_word' id='word_1_290' title='bbox 1076 4631 1092 4660; x_wconf 89' lang='lat'>‘</span> <span class='ocrx_word' id='word_1_291' title='bbox 1109 4626 1274 4694; x_wconf 79' lang='lat' dir='ltr'><strong>igitur&#39;</strong></span> <span class='ocrx_word' id='word_1_292' title='bbox 1320 4630 1472 4692; x_wconf 81' lang='lat' dir='ltr'><strong>Tyre,</strong></span> <span class='ocrx_word' id='word_1_293' title='bbox 1492 4644 1544 4691; x_wconf 85' lang='lat' dir='ltr'><strong>p.</strong></span> <span class='ocrx_word' id='word_1_294' title='bbox 1567 4633 1681 4690; x_wconf 72' lang='lat'><strong>92³,</strong></span> <span class='ocrx_word' id='word_1_295' title='bbox 1704 4643 1831 4692; x_wconf 68' lang='lat' dir='ltr'><strong>seqq.</strong></span> 
     </span>
    </p>
   </div>
   <div class='ocr_carea' id='block_1_4' title="bbox 458 4716 1938 4771">
    <p class='ocr_par' dir='ltr' id='par_1_6' title="bbox 458 4716 1938 4771">
     <span class='ocr_line' id='line_1_41' title="bbox 458 4716 1938 4771; baseline 0.007 -1"><span class='ocrx_word' id='word_1_296' title='bbox 458 4723 622 4771; x_wconf 75' lang='lat' dir='ltr'><strong>von.</strong></span> <span class='ocrx_word' id='word_1_297' title='bbox 658 4723 733 4771; x_wconf 88' lang='lat'><strong>11.</strong></span> <span class='ocrx_word' id='word_1_298' title='bbox 1894 4716 1938 4762; x_wconf 80' lang='grc' dir='ltr'><strong>Τ</strong></span> 
     </span>
    </p>
   </div>
  </div>
 </body>
</html>
