3457 5887
949 883 1224 933 FLORES
1276 884 1808 934 ms‘romAauM.
2185 870 2313 934 397

441 1043 740 1119 auditus,
775 1042 1037 1107 claudis
1070 1043 1375 1106 firmatur
1407 1061 1705 1123 gressus,
1740 1048 1834 1119 et,
1864 1034 2069 1125 quod
2094 1044 2312 1124 mag-is
2335 1059 2444 1099 mn.
2465 1059 2576 1099 ms.

441 1144 873 1223 magnificum
936 1149 1067 1218 est,
1124 1141 1377 1223 arrepti
1425 1159 1469 1204 a
1520 1139 1860 1205 daemonio
1915 1142 2313 1221 liberantur,
2336 1109 2625 1210 ffissffissa.

441 1242 784 1324 epileptici
849 1247 1203 1316 sanantur,
1275 1240 1527 1322 leprosi
1593 1240 2033 1317 mundantur,
2096 1251 2166 1305 et
2222 1242 2312 1307 ad

441 1340 655 1405 vitam
698 1340 951 1405 mortui
991 1346 1417 1404 revocantur.
1518 1338 1592 1403 Si
1641 1340 1797 1421 quis
1836 1349 2065 1404 autem
2110 1342 2315 1406 mira-

443 1440 776 1516 culorum,
815 1460 970 1523 quae
1019 1460 1142 1521 per
1184 1445 1460 1502 sanctos
1506 1457 1668 1502 suos
1718 1438 1950 1502 divina
1994 1448 2317 1521 operatur

445 1539 827 1616 clementia,
886 1540 1200 1603 notitiam
1266 1536 1514 1602 habere
1577 1536 1937 1613 desiderat,
2009 1539 2312 1602 libellum

443 1638 654 1719 legat,
722 1640 840 1722 qui
897 1638 982 1701 de
1045 1637 1261 1719 signis
1321 1636 1470 1719 ejus
1531 1645 1602 1700 et
1660 1637 2028 1701 virtutibus
2090 1638 2315 1702 clarus

448 1736 762 1816 habetur,
820 1745 891 1802 et
953 1756 1080 1801 nos
1144 1736 1230 1799 ad
1297 1735 1435 1798 alia
1500 1735 1904 1801 festinantes
1961 1754 2006 1799 a
2060 1736 2314 1802 lectore

448 1839 717 1901 veniam
747 1837 1198 1920 postulamus,

519 2008 949 2093 Quodjuvenis
979 2029 1087 2072 rex
1113 2006 1424 2071 Hem-icus
1455 2015 1863 2071 torneamenta
1896 2010 2244 2076 wercum-it.

548 2130 758 2196 Anno
785 2131 1064 2196 Domini
1098 2146 1467 2194 mcnxxlx.
1506 2129 1880 2206 HenricuS,
1912 2152 2034 2197 rex
2060 2131 2319 2215 Anglo-
2341 2152 2448 2192 sn.
2468 2151 2579 2191 11⁷⁹.

453 2251 602 2294 rum
647 2230 903 2315 junior,
958 2249 1143 2294 mare
1191 2230 1527 2293 transiens
1568 2230 1640 2293 in
1681 2230 2107 2295 conflictibus
2150 2232 2320 2297 Gal·
2341 2202 2613 2345 ffiif‘sse'

453 2329 603 2394 licis
647 2338 717 2395 et
759 2330 1251 2413 profusioribus
1286 2329 1607 2411 expensis
1639 2330 2005 2394 triennium
2033 2332 2320 2415 peregit,

451 2431 775 2512 regiaque
830 2429 1190 2513 majestate
1247 2447 1528 2512 prorsus
1582 2427 1919 2512 deposita,
1975 2436 2162 2495 totus
2216 2442 2321 2496 est

452 2528 538 2591 de
568 2548 728 2610 rege
759 2529 1133 2593 translatus
1165 2527 1238 2590 in
1266 2527 1575 2604 militem,
1609 2536 1703 2604 et,
1745 2527 1940 2592 flexis
1972 2528 2045 2591 in
2075 2550 2320 2613 gyrum

452 2627 707 2706 fraenis,
744 2628 815 2691 in
850 2627 1058 2691 variis
1109 2627 1586 2708 congressibus
1631 2627 2047 2709 triumphum
2086 2649 2320 2710 repor-

452 2734 611 2790 tans
639 2727 748 2792 sui
782 2727 1075 2791 nominis
1108 2726 1359 2791 famam
1390 2727 1918 2808 circumquaque
1949 2728 2315 2810 respersit;

453 2826 552 2890 sic
592 2826 827 2907 igitur,
865 2845 1020 2890 cum
1063 2825 1162 2888 nil
1202 2825 1266 2889 ei
1309 2825 1578 2889 deesset
1627 2825 1715 2888 ad
1757 2825 2068 2907 gloriam,
2121 2827 2322 2892 rediit

453 2925 541 2989 ad
573 2933 837 3009 patrem
883 2932 952 2990 et
996 2925 1082 2989 ab
1128 2943 1209 2989 eo
1256 2923 1511 2989 honore
1552 2923 1784 2989 debito
1828 2934 1935 2989 est
1982 2935 2319 3010 receptus.

456 3024 712 3089 Eodem
763 3045 945 3090 anno
993 3019 1012 3056 ¹
1033 3024 1463 3101 LodowicuS,
1504 3043 1627 3088 rex
1674 3024 2120 3103 Francorum,
2158 3028 2318 3091 bea-

454 3133 599 3188 tum
627 3125 963 3190 Thomam
1002 3132 1369 3206 martyrem
1413 3122 1742 3187 orationis
1787 3125 2012 3205 gratia
2040 3126 2322 3190 visitare

455 3223 847 3302 decernens,
880 3224 1231 3306 Angliam,
1271 3241 1476 3305 quam
1515 3242 1640 3286 nec
1685 3223 1837 3305 ipse
1882 3243 2006 3287 nec
2044 3243 2324 3289 suorum

457 3323 705 3407 aliquis
753 3332 1258 3388 antecessorum
1291 3321 1524 3404 aliquo
1555 3328 1860 3404 tempore
1892 3322 2318 3400 visitaverat,

453 3422 742 3488 devotus
773 3422 1079 3487 intravit.
1149 3414 1347 3485 ²Rex
1377 3428 1607 3484 autem
1637 3419 2047 3502 Anglorum,
2079 3441 2323 3488 navem

456 3521 637 3603 apud
682 3522 1030 3586 Doveram
1083 3519 1457 3601 egredienti
1503 3519 1924 3583 Francorum
1974 3522 2146 3604 reg-i,
2194 3543 2321 3586 un-

455 3621 716 3685 decimo
745 3619 1075 3684 kalendas
1108 3618 1526 3700 Septembris
1561 3617 1966 3682 festinanter
2006 3622 2322 3698 occurrit,

451 3721 588 3797 cui,
621 3719 943 3802 quicquid
972 3718 1249 3782 honoris
1278 3718 1366 3781 ab
1406 3716 1639 3800 aliquo
1681 3718 2062 3799 excogitari
2098 3722 2324 3802 potuit

452 3819 563 3882 vel
613 3817 938 3901 impendi,
966 3824 1135 3882 tam
1186 3815 1320 3898 ipsi
1365 3835 1570 3898 quam
1613 3816 1757 3880 suis
1807 3818 2166 3882 comitibus
2217 3827 2324 3883 est

448 3919 829 4001 impensum
862 3937 881 3996 3
943 3915 1501 3981 concurrentibus
1566 3916 1747 3979 enim
1816 3916 2322 4000 archiepiscopo

452 4016 931 4081 Cantuariensi
992 4034 1145 4079 cum
1216 4015 1362 4078 suis
1432 4014 1883 4095 suffraganeis
1960 4016 2321 4099 episcopiS,

451 4136 605 4180 cum
640 4116 1002 4181 comitibus
1031 4122 1103 4178 et
1134 4113 1525 4190 baronibuS,
1553 4133 1708 4178 cum
1739 4114 1921 4178 clero
1947 4123 2017 4179 et
2044 4115 2322 4199 populo,

521 4313 538 4345 ¹
557 4314 850 4364 Μινωίου.
883 4314 907 4378 ]
974 4312 1258 4373 According
1310 4317 1363 4361 to
1411 4314 1478 4375 by
1514 4313 1598 4362 the
1641 4318 1819 4362 counts
1861 4313 1919 4363 os
1947 4313 2189 4362 Plaudere
2220 4314 2321 4361 and

449 4385 714 4446 Hoveden,
748 4383 811 4433 he
847 4397 956 4432 was
990 4381 1194 4431 war-ned
1230 4382 1297 4443 by
1330 4397 1363 4431 a
1411 4382 1651 4442 Guinnes,
1685 4382 1770 4431 the
1813 4382 1951 4431 duke
1982 4382 2041 4431 of
2065 4382 2320 4437 humine

449 4456 612 4503 vision
632 4460 684 4502 to
704 4455 824 4502 visit
842 4453 925 4501 the
941 4452 1074 4501 tomb
1096 4450 1154 4499 of
1169 4451 1363 4499 Becket
1409 4451 1508 4500 and
1528 4451 1728 4510 others3
1763 4466 1815 4513 p.
1839 4455 1950 4500 592.

444 4525 494 4573 if
508 4525 573 4573 he
603 4522 799 4572 wished
829 4522 913 4571 the
944 4534 1179 4580 recovery
1199 4518 1258 4568 of
1282 4519 1362 4567 his

448 4609 541 4644 son
581 4593 772 4654 Philip,
816 4592 934 4640 then
965 4591 1107 4652 lying
1149 4588 1362 4650 danger·
1479 4582 1624 4633 'Rex
1652 4588 1812 4632 atem
1848 4583 2175 4647 amorum]
2231 4582 2324 4632 Di·

447 4663 596 4725 ously
615 4663 690 4713 ill.
761 4661 846 4710 He
876 4674 986 4710 was
1005 4657 1360 4719 accompanied
1410 4659 1537 4716 coto,
1557 4653 1655 4703 col.
1677 4657 1793 4703 604.
2324 4673 2327 4678 -
