3457 5887
911 856 1183 905 nonus
1227 857 1754 909 msromAnvM.
2134 853 2264 919 293

391 1006 611 1070 solum
664 1028 943 1075 causam
1005 1013 1481 1095 resignationis
1536 1026 1677 1080 tam
1740 1020 1983 1086 subitae
2038 1034 2390 1091 retur-11³.
2415 1043 2526 1087 ηπ.

386 1108 683 1186 quentis.
787 1108 966 1173 Haec
1010 1113 1229 1194 prima
1269 1113 1417 1177 fuit·
1442 1116 1692 1197 regalis
1737 1120 1945 1184 animi
1987 1133 2254 1205 pertur-

386 1205 572 1268 batio
624 1208 952 1272 adversus
997 1209 1355 1288 Thomam,
1399 1214 1948 1298 archipraesulem
1987 1222 2247 1288 Cantu-

382 1303 739 1369 ariensem.
840 1308 1013 1372 Erat
1047 1318 1272 1374 autem
1303 1311 1605 1376 Thomas
1640 1315 1771 1379 iste
1815 1318 2245 1386 Londonien-
2272 1336 2461 1379 nectet·-

381 1401 479 1464 sis
523 1405 707 1468 urbis
754 1399 1124 1489 ¹indigena,
1169 1429 1212 1472 a
1248 1411 1484 1492 primis
1528 1412 2004 1482 adolescentiae
2047 1424 2245 1487 annis
2269 1388 2416 1438 ‘’rm’'

379 1502 609 1581 gratia
669 1505 1025 1589 multiplici
1096 1508 1510 1590 decoratus;
1582 1512 1669 1575 ab
1726 1514 2007 1581 ineunte
2062 1522 2242 1585 enim

374 1607 585 1664 aetate
643 1603 910 1668 beatam
963 1605 1097 1668 Dei
1152 1607 1573 1688 genitricem,
1625 1619 1953 1695 tanquam
2002 1617 2240 1684 ducem

373 1696 640 1763 viarum
679 1721 983 1781 suarum,
1032 1704 1308 1770 dulcius⁴
1338 1708 1682 1788 invocare,
1728 1713 1800 1775 in
1848 1714 2035 1778 illam
2081 1728 2239 1799 post

373 1795 722 1863 Christum
756 1809 973 1866 totam
1001 1822 1191 1886 spem
1223 1825 1497 1888 ponere,
1541 1813 1934 1892 consuevit;
1990 1814 2234 1882 libera-

370 1894 537 1959 lium
577 1918 849 1982 quoque
883 1901 1391 1985 disciplinarum
1429 1906 1697 1972 scholas
1734 1912 2003 1975 tandem
2040 1933 2234 1997 egre-

368 1994 563 2059 diens
610 1997 697 2060 ad
749 1998 1244 2077 Theobaldum,
1294 2002 1850 2072 Cantuariensem
1902 2013 2234 2098 archiepi-

371 2113 679 2176 scopum,
708 2115 784 2162 se
815 2099 1126 2177 contulit,
1175 2108 1267 2176 et,
1310 2102 1647 2167 industria
1679 2121 2126 2189 promerente,
2157 2116 2228 2179 in

373 2192 565 2257 brevi
609 2194 855 2276 dignus
910 2197 1184 2262 habitus
1234 2207 1364 2278 est,
1420 2209 1497 2264 ut
1551 2203 1613 2265 ei
1664 2203 2227 2277 familiarissimus

366 2291 752 2359 haberetur.
856 2295 1047 2374 Quot
1095 2305 1324 2361 autem
1367 2307 1438 2363 et
1480 2310 1776 2381 quantos
1819 2304 1915 2369 ibi
1959 2306 2225 2375 labores

362 2410 489 2472 pro
533 2393 822 2457 ecclesia
864 2395 997 2458 Dei
1045 2397 1424 2479 pertulerit,
1467 2402 1735 2481 quoties
1780 2423 1905 2485 pro
1948 2410 2221 2490 expedi·

359 2490 571 2553 endis«
628 2492 919 2574 negotiis
989 2497 1452 2577 apostolorum
1524 2498 1758 2564 limina
1817 2502 2220 2588 visitaverit,

358 2608 562 2670 quam
624 2591 806 2656 felici
862 2593 1080 2671 exitu,
1142 2615 1295 2677 quae
1354 2596 1484 2659 sibi
1544 2598 1855 2682 injuncta
1921 2602 2215 2686 fuerant,

351 2689 754 2771 expedierit,
797 2711 932 2756 non
973 2700 1079 2757 est
1121 2692 1319 2757 facile
1367 2695 1575 2773 dictu,
1627 2702 2003 2780 praesertim
2057 2724 2210 2770 cum

349 2787 424 2850 in
454 2789 677 2852 causis
705 2792 1105 2873 perorandis
1153 2801 1224 2856 et
1259 2793 1648 2859 decidendis
1684 2816 1767 2860 ac
1799 2802 2066 2883 populis
2109 2806 2210 2868 in-
2279 2791 2282 2794 ’

347 2887 693 2952 struendis
742 2896 891 2954 tota
941 2890 1090 2975 ejus
1131 2890 1422 2957 intentio
1462 2904 1869 2961 versaretur.
1974 2899 2208 2969 Primo

343 2985 555 3065 igitur
586 3006 629 3049 a
669 2979 957 3070 praesato
996 2989 1503 3075 archiepiscopo
1542 2993 1614 3056 in
1657 2995 2207 3066 archidiaconum

344 3083 908 3150 Cantuariensem
960 3096 1334 3169 promotus,
1384 3098 1544 3172 post
1589 3093 1838 3158 modici
1880 3104 2206 3181 temporis

336 3183 777 3248 intervallum
828 3186 1272 3250 cancellarius
1318 3187 1626 3268 efficitur,
1668 3192 1816 3275 ejus
1868 3195 2205 3264 industria

330 3293 798 3364 promerente3
845 3285 1230 3349 cancellarii
1264 3295 1491 3351 autem
1511 3288 1805 3372 fungens
1837 3291 2058 3360 officio
2080 3315 2201 3360 au-

327 3381 601 3445 daciam
659 3384 1017 3447 milvorum
1067 3386 1411 3467 sapienter
1467 3386 1821 3469 depressit,
1876 3394 1995 3475 qui
2053 3399 2199 3479 regi

326 3480 691 3545 adulantes
746 3482 1036 3566 diripere
1099 3486 1655 3566 conspiraverant
1717 3496 1857 3553 tam
1925 3495 2194 3575 provin-

323 3579 604 3643 cialium
637 3598 843 3662 quam
877 3582 1179 3646 ecclesiae
1211 3582 1595 3650 facultates.
1669 3586 1847 3652 Haec
1874 3589 1958 3653 de
1992 3592 2191 3658 beato

319 3677 614 3755 Thoma,
647 3680 870 3762 qualis
900 3689 1059 3745 ante
1103 3683 1589 3764 promotionem
1633 3685 1705 3748 in
1744 3688 2190 3772 archiepisco-

319 3797 483 3859 pum
533 3777 899 3855 exstiterit,
947 3780 1475 3863 praelibavimus,
1528 3791 1864 3864 quatenus
1898 3806 2002 3864 ea,
2032 3810 2184 3872 quoe

315 3876 398 3940 de
431 3878 586 3960 ipso
619 3887 1020 3960 sequuntur,
1048 3879 1286 3943 lectori
1320 3880 1568 3944 clarius
1597 3882 2007 3951 elucescant.

319 4052 419 4115 De
429 4049 632 4134 finali
662 4051 983 4117 concordia
1011 4053 1204 4136 sacta
1238 4053 1399 4116 inter
1423 4052 1730 4118 occheim
1762 4054 1921 4121 boati
1946 4057 2186 4124 Albam·

864 4160 919 4214 et
948 4150 1252 4215 ecelesiam
1279 4150 1633 4218 Lmohzdae.
2162 4281 2177 4296 .
2203 4252 2323 4293 m
2339 4266 2431 4295 m·

406 4275 573 4339 Hoc
628 4294 809 4338 anno
863 4276 1093 4358 sopita
1153 4282 1260 4340 est
1314 4275 1655 4340 discordia
1713 4285 1783 4342 et
1842 4280 2179 4344 amicabih
2202 4304 2496 4395 3211&ssae

307 4373 442 4437 fine
495 4375 863 4438 terminata
914 4375 1093 4438 inter
1130 4373 1485 4439 ecclesiam
1528 4375 2071 4442 Lincolniensem
2108 4387 2177 4443 et
2200 4401 2477 4492 &2333-

344 4515 351 4523 ’
382 4549 399 4581 ¹
421 4550 659 4613 unigena
671 4546 718 4619 ,·]
769 4565 859 4600 son
889 4551 947 4601 or
972 4551 1170 4602 cubat
1197 4550 1300 4600 aad
1336 4551 1576 4614 matilda,
1612 4552 1819 4602 citimus
1855 4552 1912 4602 or
1937 4552 2175 4614 nondun,

313 4619 627 4682 Fitz-Steph.
650 4636 701 4682 p.
727 4624 806 4669 1⁰.
