<?xml version="1.0" encoding="UTF-8"?>
<!DOCTYPE html PUBLIC "-//W3C//DTD XHTML 1.0 Transitional//EN"
    "http://www.w3.org/TR/xhtml1/DTD/xhtml1-transitional.dtd">
<html xmlns="http://www.w3.org/1999/xhtml" xml:lang="en" lang="en">
 <head>
  <title>
</title>
<meta http-equiv="Content-Type" content="text/html;charset=utf-8" />
  <meta name='ocr-system' content='tesseract 3.04.00' />
  <meta name='ocr-capabilities' content='ocr_page ocr_carea ocr_par ocr_line ocrx_word'/>
</head>
<body>
  <div class='ocr_page' id='page_1' title='image "./rogeridewendove00wendgoog_0281.png"; bbox 0 0 3457 5887; ppageno 0'>
   <div class='ocr_carea' id='block_1_1' title="bbox 884 843 2247 907">
    <p class='ocr_par' dir='ltr' id='par_1_1' title="bbox 884 843 2247 907">
     <span class='ocr_line' id='line_1_1' title="bbox 884 843 2247 907; baseline 0.001 -2"><span class='ocrx_word' id='word_1_1' title='bbox 884 858 1156 906; x_wconf 58' lang='lat' dir='ltr'><strong>anonas</strong></span> <span class='ocrx_word' id='word_1_2' title='bbox 1202 857 1736 906; x_wconf 73' lang='lat' dir='ltr'><strong>Hls&#39;romARUM.</strong></span> <span class='ocrx_word' id='word_1_3' title='bbox 2117 843 2247 907; x_wconf 76' lang='lat'><strong>2⁹77</strong></span> 
     </span>
    </p>
   </div>
   <div class='ocr_carea' id='block_1_2' title="bbox 348 1012 2509 2487">
    <p class='ocr_par' dir='ltr' id='par_1_2' title="bbox 348 1012 2509 2487">
     <span class='ocr_line' id='line_1_2' title="bbox 371 1012 2509 1123; baseline 0.003 -47"><span class='ocrx_word' id='word_1_4' title='bbox 371 1012 540 1089; x_wconf 87' lang='lat' dir='ltr'><strong>hoc,&#39;</strong></span> <span class='ocrx_word' id='word_1_5' title='bbox 588 1015 836 1098; x_wconf 89' lang='lat' dir='ltr'><strong>inquit,</strong></span> <span class='ocrx_word' id='word_1_6' title='bbox 880 1019 901 1049; x_wconf 86' lang='lat'><em>‘</em></span> <span class='ocrx_word' id='word_1_7' title='bbox 922 1014 1042 1079; x_wconf 91' lang='lat' dir='ltr'><strong>sed</strong></span> <span class='ocrx_word' id='word_1_8' title='bbox 1092 1034 1246 1078; x_wconf 89' lang='lat' dir='ltr'><strong>cum</strong></span> <span class='ocrx_word' id='word_1_9' title='bbox 1296 1014 1546 1078; x_wconf 90' lang='lat' dir='ltr'><strong>eisdem</strong></span> <span class='ocrx_word' id='word_1_10' title='bbox 1602 1013 1946 1080; x_wconf 85' lang='lat' dir='ltr'><strong>forficibus</strong></span> <span class='ocrx_word' id='word_1_11' title='bbox 1994 1017 2241 1099; x_wconf 87' lang='lat' dir='ltr'><strong>perfice</strong></span> <span class='ocrx_word' id='word_1_12' title='bbox 2263 1033 2376 1123; x_wconf 42' lang='grc' dir='ltr'><strong>ἃς)</strong></span> <span class='ocrx_word' id='word_1_13' title='bbox 2395 1035 2509 1123; x_wconf 53' lang='lat'><strong>21⁵⁴·</strong></span> 
     </span>
     <span class='ocr_line' id='line_1_3' title="bbox 368 1095 2493 1197; baseline -0 -22"><span class='ocrx_word' id='word_1_14' title='bbox 368 1112 553 1195; x_wconf 92' lang='lat' dir='ltr'><strong>quod</strong></span> <span class='ocrx_word' id='word_1_15' title='bbox 586 1115 858 1197; x_wconf 85' lang='lat' dir='ltr'><strong>coepisti</strong></span> <span class='ocrx_word' id='word_1_16' title='bbox 879 1114 922 1195; x_wconf 89' lang='lat'><strong>;’</strong></span> <span class='ocrx_word' id='word_1_17' title='bbox 953 1115 1148 1178; x_wconf 87' lang='lat' dir='ltr'><strong>miles</strong></span> <span class='ocrx_word' id='word_1_18' title='bbox 1180 1114 1435 1197; x_wconf 88' lang='lat' dir='ltr'><strong>itaque,</strong></span> <span class='ocrx_word' id='word_1_19' title='bbox 1466 1123 1814 1196; x_wconf 85' lang='lat' dir='ltr'><strong>resumpta</strong></span> <span class='ocrx_word' id='word_1_20' title='bbox 1845 1114 2118 1192; x_wconf 89' lang='lat' dir='ltr'><strong>fiducia,</strong></span> <span class='ocrx_word' id='word_1_21' title='bbox 2141 1116 2240 1181; x_wconf 82' lang='lat' dir='ltr'><strong>fa-</strong></span> <span class='ocrx_word' id='word_1_22' title='bbox 2262 1095 2493 1176; x_wconf 51' lang='lat' dir='ltr'><strong>sibime</strong></span> 
     </span>
     <span class='ocr_line' id='line_1_4' title="bbox 367 1212 2237 1296; baseline 0.002 -21"><span class='ocrx_word' id='word_1_23' title='bbox 367 1212 627 1276; x_wconf 88' lang='lat' dir='ltr'><strong>cilitate</strong></span> <span class='ocrx_word' id='word_1_24' title='bbox 676 1233 812 1296; x_wconf 89' lang='lat' dir='ltr'><strong>qua</strong></span> <span class='ocrx_word' id='word_1_25' title='bbox 855 1214 1044 1296; x_wconf 89' lang='lat' dir='ltr'><strong>prius</strong></span> <span class='ocrx_word' id='word_1_26' title='bbox 1091 1232 1233 1277; x_wconf 91' lang='lat' dir='ltr'><strong>rem</strong></span> <span class='ocrx_word' id='word_1_27' title='bbox 1280 1213 1566 1277; x_wconf 83' lang='lat' dir='ltr'><strong>feliciter</strong></span> <span class='ocrx_word' id='word_1_28' title='bbox 1610 1214 2131 1292; x_wconf 90' lang='lat' dir='ltr'><strong>consummavit,</strong></span> <span class='ocrx_word' id='word_1_29' title='bbox 2166 1223 2237 1280; x_wconf 89' lang='lat' dir='ltr'><strong>et</strong></span> 
     </span>
     <span class='ocr_line' id='line_1_5' title="bbox 365 1311 2236 1396; baseline 0.002 -22"><span class='ocrx_word' id='word_1_30' title='bbox 365 1311 688 1393; x_wconf 90' lang='lat' dir='ltr'><strong>quicquid</strong></span> <span class='ocrx_word' id='word_1_31' title='bbox 743 1313 1081 1396; x_wconf 68' lang='lat' dir='ltr'><strong>inaequale</strong></span> <span class='ocrx_word' id='word_1_32' title='bbox 1129 1319 1279 1377; x_wconf 89' lang='lat' dir='ltr'><strong>erat</strong></span> <span class='ocrx_word' id='word_1_33' title='bbox 1336 1313 1485 1376; x_wconf 88' lang='lat' dir='ltr'><strong>sine</strong></span> <span class='ocrx_word' id='word_1_34' title='bbox 1543 1312 1942 1377; x_wconf 86' lang='lat' dir='ltr'><strong>difficultate</strong></span> <span class='ocrx_word' id='word_1_35' title='bbox 2001 1313 2236 1396; x_wconf 86' lang='lat' dir='ltr'><strong>aliqua</strong></span> 
     </span>
     <span class='ocr_line' id='line_1_6' title="bbox 364 1412 2231 1495; baseline 0.002 -22"><span class='ocrx_word' id='word_1_36' title='bbox 364 1413 775 1493; x_wconf 86' lang='lat' dir='ltr'><strong>coaequavit.</strong></span> <span class='ocrx_word' id='word_1_37' title='bbox 867 1412 978 1476; x_wconf 80' lang='lat' dir='ltr'><strong>Ex</strong></span> <span class='ocrx_word' id='word_1_38' title='bbox 1009 1420 1174 1477; x_wconf 86' lang='lat' dir='ltr'><strong>tunc</strong></span> <span class='ocrx_word' id='word_1_39' title='bbox 1208 1431 1372 1475; x_wconf 88' lang='lat' dir='ltr'><strong>vero</strong></span> <span class='ocrx_word' id='word_1_40' title='bbox 1410 1412 1511 1475; x_wconf 93' lang='lat' dir='ltr'><strong>vir</strong></span> <span class='ocrx_word' id='word_1_41' title='bbox 1551 1413 1707 1489; x_wconf 91' lang='lat' dir='ltr'><strong>Dei,</strong></span> <span class='ocrx_word' id='word_1_42' title='bbox 1743 1413 2002 1495; x_wconf 79' lang='lat' dir='ltr'><strong>absque</strong></span> <span class='ocrx_word' id='word_1_43' title='bbox 2046 1412 2231 1477; x_wconf 82' lang='lat' dir='ltr'><strong>forfi-</strong></span> 
     </span>
     <span class='ocr_line' id='line_1_7' title="bbox 360 1509 2229 1593; baseline 0.002 -21"><span class='ocrx_word' id='word_1_44' title='bbox 360 1509 578 1586; x_wconf 79' lang='lat' dir='ltr'><strong>cibuS,</strong></span> <span class='ocrx_word' id='word_1_45' title='bbox 609 1530 761 1575; x_wconf 85' lang='lat' dir='ltr'><strong>cum</strong></span> <span class='ocrx_word' id='word_1_46' title='bbox 800 1512 1035 1593; x_wconf 85' lang='lat' dir='ltr'><strong>digitis</strong></span> <span class='ocrx_word' id='word_1_47' title='bbox 1075 1512 1219 1575; x_wconf 90' lang='lat' dir='ltr'><strong>suis</strong></span> <span class='ocrx_word' id='word_1_48' title='bbox 1257 1511 1591 1575; x_wconf 80' lang='lat' dir='ltr'><strong>debilibus</strong></span> <span class='ocrx_word' id='word_1_49' title='bbox 1635 1530 1772 1575; x_wconf 92' lang='lat' dir='ltr'><strong>non</strong></span> <span class='ocrx_word' id='word_1_50' title='bbox 1812 1511 1945 1575; x_wconf 89' lang='lat' dir='ltr'><strong>fide</strong></span> <span class='ocrx_word' id='word_1_51' title='bbox 1984 1513 2229 1577; x_wconf 90' lang='lat' dir='ltr'><strong>minori</strong></span> 
     </span>
     <span class='ocr_line' id='line_1_8' title="bbox 364 1609 2231 1688; baseline 0.002 -16"><span class='ocrx_word' id='word_1_52' title='bbox 364 1609 656 1674; x_wconf 92' lang='lat' dir='ltr'><strong>annulos</strong></span> <span class='ocrx_word' id='word_1_53' title='bbox 683 1611 940 1688; x_wconf 83' lang='lat' dir='ltr'><strong>loricae,</strong></span> <span class='ocrx_word' id='word_1_54' title='bbox 963 1610 1048 1674; x_wconf 86' lang='lat' dir='ltr'><strong>ad</strong></span> <span class='ocrx_word' id='word_1_55' title='bbox 1071 1611 1266 1675; x_wconf 87' lang='lat' dir='ltr'><strong>varia</strong></span> <span class='ocrx_word' id='word_1_56' title='bbox 1284 1611 1658 1675; x_wconf 88' lang='lat' dir='ltr'><strong>sanitatum</strong></span> <span class='ocrx_word' id='word_1_57' title='bbox 1687 1611 2007 1688; x_wconf 86' lang='lat' dir='ltr'><strong>remedia,</strong></span> <span class='ocrx_word' id='word_1_58' title='bbox 2027 1630 2231 1676; x_wconf 90' lang='lat' dir='ltr'><strong>cunc-</strong></span> 
     </span>
     <span class='ocr_line' id='line_1_9' title="bbox 361 1708 2225 1794; baseline 0.002 -22"><span class='ocrx_word' id='word_1_59' title='bbox 361 1708 451 1772; x_wconf 89' lang='lat' dir='ltr'><strong>tis</strong></span> <span class='ocrx_word' id='word_1_60' title='bbox 517 1711 875 1775; x_wconf 79' lang='lat' dir='ltr'><strong>caritative</strong></span> <span class='ocrx_word' id='word_1_61' title='bbox 936 1711 1326 1794; x_wconf 87' lang='lat' dir='ltr'><strong>petentibus</strong></span> <span class='ocrx_word' id='word_1_62' title='bbox 1383 1709 1693 1773; x_wconf 88' lang='lat' dir='ltr'><strong>dividens</strong></span> <span class='ocrx_word' id='word_1_63' title='bbox 1754 1710 2225 1790; x_wconf 82' lang='lat' dir='ltr'><strong>ministrabat3</strong></span> 
     </span>
     <span class='ocr_line' id='line_1_10' title="bbox 358 1807 2226 1887; baseline 0.003 -17"><span class='ocrx_word' id='word_1_64' title='bbox 358 1807 539 1871; x_wconf 88' lang='lat' dir='ltr'><strong>hanc</strong></span> <span class='ocrx_word' id='word_1_65' title='bbox 585 1819 812 1875; x_wconf 87' lang='lat' dir='ltr'><strong>autem</strong></span> <span class='ocrx_word' id='word_1_66' title='bbox 856 1809 1050 1874; x_wconf 91' lang='lat' dir='ltr'><strong>miles</strong></span> <span class='ocrx_word' id='word_1_67' title='bbox 1093 1810 1414 1874; x_wconf 89' lang='lat' dir='ltr'><strong>virtutem</strong></span> <span class='ocrx_word' id='word_1_68' title='bbox 1463 1809 1725 1887; x_wconf 88' lang='lat' dir='ltr'><strong>videns,</strong></span> <span class='ocrx_word' id='word_1_69' title='bbox 1777 1810 2226 1875; x_wconf 79' lang='lat' dir='ltr'><strong>admiratione</strong></span> 
     </span>
     <span class='ocr_line' id='line_1_11' title="bbox 356 1907 2220 1992; baseline 0.003 -23"><span class='ocrx_word' id='word_1_70' title='bbox 356 1907 683 1972; x_wconf 87' lang='lat' dir='ltr'><strong>ineffabili</strong></span> <span class='ocrx_word' id='word_1_71' title='bbox 727 1909 1150 1992; x_wconf 86' lang='lat' dir='ltr'><strong>stupefactus</strong></span> <span class='ocrx_word' id='word_1_72' title='bbox 1193 1908 1450 1972; x_wconf 88' lang='lat' dir='ltr'><strong>corruit</strong></span> <span class='ocrx_word' id='word_1_73' title='bbox 1500 1909 1587 1972; x_wconf 91' lang='lat' dir='ltr'><strong>ad</strong></span> <span class='ocrx_word' id='word_1_74' title='bbox 1631 1909 1839 1991; x_wconf 89' lang='lat' dir='ltr'><strong>pedes</strong></span> <span class='ocrx_word' id='word_1_75' title='bbox 1882 1910 2013 1973; x_wconf 87' lang='lat' dir='ltr'><strong>viri</strong></span> <span class='ocrx_word' id='word_1_76' title='bbox 2061 1909 2220 1987; x_wconf 87' lang='lat' dir='ltr'><strong>Dei,</strong></span> 
     </span>
     <span class='ocr_line' id='line_1_12' title="bbox 356 2006 2222 2089; baseline 0.002 -20"><span class='ocrx_word' id='word_1_77' title='bbox 356 2026 498 2089; x_wconf 88' lang='lat' dir='ltr'><strong>quo</strong></span> <span class='ocrx_word' id='word_1_78' title='bbox 532 2007 717 2072; x_wconf 82' lang='lat' dir='ltr'><strong>facto</strong></span> <span class='ocrx_word' id='word_1_79' title='bbox 749 2007 1078 2073; x_wconf 87' lang='lat' dir='ltr'><strong>Wlsricus</strong></span> <span class='ocrx_word' id='word_1_80' title='bbox 1112 2006 1437 2071; x_wconf 86' lang='lat' dir='ltr'><strong>confusus</strong></span> <span class='ocrx_word' id='word_1_81' title='bbox 1467 2016 1766 2072; x_wconf 89' lang='lat' dir='ltr'><strong>erectum</strong></span> <span class='ocrx_word' id='word_1_82' title='bbox 1795 2009 2077 2072; x_wconf 88' lang='lat' dir='ltr'><strong>militem</strong></span> <span class='ocrx_word' id='word_1_83' title='bbox 2102 2010 2222 2073; x_wconf 84' lang='lat' dir='ltr'><strong>ad-</strong></span> 
     </span>
     <span class='ocr_line' id='line_1_13' title="bbox 348 2105 2223 2188; baseline 0.002 -20"><span class='ocrx_word' id='word_1_84' title='bbox 348 2105 642 2188; x_wconf 79' lang='lat' dir='ltr'><strong>juravit,</strong></span> <span class='ocrx_word' id='word_1_85' title='bbox 675 2126 762 2171; x_wconf 90' lang='lat' dir='ltr'><strong>ne</strong></span> <span class='ocrx_word' id='word_1_86' title='bbox 790 2107 953 2170; x_wconf 89' lang='lat' dir='ltr'><strong>dum</strong></span> <span class='ocrx_word' id='word_1_87' title='bbox 983 2108 1244 2171; x_wconf 88' lang='lat' dir='ltr'><strong>viveret</strong></span> <span class='ocrx_word' id='word_1_88' title='bbox 1271 2105 1419 2170; x_wconf 84' lang='lat' dir='ltr'><strong>haec</strong></span> <span class='ocrx_word' id='word_1_89' title='bbox 1449 2106 1652 2170; x_wconf 89' lang='lat' dir='ltr'><strong>alicui</strong></span> <span class='ocrx_word' id='word_1_90' title='bbox 1684 2108 2057 2186; x_wconf 81' lang='lat' dir='ltr'><strong>revelaret3</strong></span> <span class='ocrx_word' id='word_1_91' title='bbox 2101 2109 2223 2172; x_wconf 89' lang='lat' dir='ltr'><strong>sed</strong></span> 
     </span>
     <span class='ocr_line' id='line_1_14' title="bbox 359 2204 2224 2289; baseline 0.003 -23"><span class='ocrx_word' id='word_1_92' title='bbox 359 2206 462 2268; x_wconf 90' lang='lat' dir='ltr'><strong>rei</strong></span> <span class='ocrx_word' id='word_1_93' title='bbox 502 2204 684 2269; x_wconf 85' lang='lat' dir='ltr'><strong>fama</strong></span> <span class='ocrx_word' id='word_1_94' title='bbox 730 2205 1012 2270; x_wconf 90' lang='lat' dir='ltr'><strong>celebris</strong></span> <span class='ocrx_word' id='word_1_95' title='bbox 1061 2205 1267 2269; x_wconf 88' lang='lat' dir='ltr'><strong>celari</strong></span> <span class='ocrx_word' id='word_1_96' title='bbox 1319 2224 1454 2269; x_wconf 90' lang='lat' dir='ltr'><strong>non</strong></span> <span class='ocrx_word' id='word_1_97' title='bbox 1497 2205 1746 2288; x_wconf 89' lang='lat' dir='ltr'><strong>potuit,</strong></span> <span class='ocrx_word' id='word_1_98' title='bbox 1795 2225 1949 2269; x_wconf 91' lang='lat' dir='ltr'><strong>cum</strong></span> <span class='ocrx_word' id='word_1_99' title='bbox 1992 2206 2224 2289; x_wconf 89' lang='lat' dir='ltr'><strong>plures</strong></span> 
     </span>
     <span class='ocr_line' id='line_1_15' title="bbox 348 2303 2223 2387; baseline 0.001 -18"><span class='ocrx_word' id='word_1_100' title='bbox 348 2304 493 2369; x_wconf 87' lang='lat' dir='ltr'><strong>viri</strong></span> <span class='ocrx_word' id='word_1_101' title='bbox 522 2303 821 2387; x_wconf 82' lang='lat' dir='ltr'><strong>religiosi</strong></span> <span class='ocrx_word' id='word_1_102' title='bbox 856 2305 940 2369; x_wconf 91' lang='lat' dir='ltr'><strong>de</strong></span> <span class='ocrx_word' id='word_1_103' title='bbox 982 2304 1219 2369; x_wconf 90' lang='lat' dir='ltr'><strong>eadem</strong></span> <span class='ocrx_word' id='word_1_104' title='bbox 1261 2303 1475 2371; x_wconf 87' lang='lat' dir='ltr'><strong>lorica</strong></span> <span class='ocrx_word' id='word_1_105' title='bbox 1518 2304 1811 2369; x_wconf 90' lang='lat' dir='ltr'><strong>annulos</strong></span> <span class='ocrx_word' id='word_1_106' title='bbox 1854 2324 1929 2368; x_wconf 92' lang='lat' dir='ltr'><strong>se</strong></span> <span class='ocrx_word' id='word_1_107' title='bbox 1975 2304 2223 2370; x_wconf 89' lang='lat' dir='ltr'><strong>habere</strong></span> 
     </span>
     <span class='ocr_line' id='line_1_16' title="bbox 348 2403 2226 2487; baseline 0.001 -21"><span class='ocrx_word' id='word_1_108' title='bbox 348 2403 723 2483; x_wconf 81' lang='lat' dir='ltr'><strong>gaudeant,</strong></span> <span class='ocrx_word' id='word_1_109' title='bbox 769 2411 840 2468; x_wconf 88' lang='lat' dir='ltr'><strong>et</strong></span> <span class='ocrx_word' id='word_1_110' title='bbox 881 2404 1067 2467; x_wconf 88' lang='lat' dir='ltr'><strong>fama</strong></span> <span class='ocrx_word' id='word_1_111' title='bbox 1107 2403 1390 2467; x_wconf 88' lang='lat' dir='ltr'><strong>celebris</strong></span> <span class='ocrx_word' id='word_1_112' title='bbox 1420 2403 1551 2467; x_wconf 90' lang='lat' dir='ltr'><strong>viri</strong></span> <span class='ocrx_word' id='word_1_113' title='bbox 1594 2404 1732 2468; x_wconf 91' lang='lat' dir='ltr'><strong>Dei</strong></span> <span class='ocrx_word' id='word_1_114' title='bbox 1776 2405 1987 2468; x_wconf 89' lang='lat' dir='ltr'><strong>totius</strong></span> <span class='ocrx_word' id='word_1_115' title='bbox 2033 2406 2226 2487; x_wconf 81' lang='lat' dir='ltr'><strong>regni</strong></span> 
     </span>
    </p>
   </div>
   <div class='ocr_carea' id='block_1_3' title="bbox 353 2501 1499 2588">
    <p class='ocr_par' dir='ltr' id='par_1_3' title="bbox 353 2501 1499 2588">
     <span class='ocr_line' id='line_1_17' title="bbox 353 2501 1499 2588; baseline 0.002 -24"><span class='ocrx_word' id='word_1_116' title='bbox 353 2501 523 2566; x_wconf 84' lang='lat' dir='ltr'><strong>fines</strong></span> <span class='ocrx_word' id='word_1_117' title='bbox 557 2504 1082 2588; x_wconf 87' lang='lat' dir='ltr'><strong>circumquaque</strong></span> <span class='ocrx_word' id='word_1_118' title='bbox 1110 2502 1499 2586; x_wconf 80' lang='lat' dir='ltr'><strong>perlustret.</strong></span> 
     </span>
    </p>
   </div>
   <div class='ocr_carea' id='block_1_4' title="bbox 327 2674 2221 4674">
    <p class='ocr_par' dir='ltr' id='par_1_4' title="bbox 446 2674 2124 2841">
     <span class='ocr_line' id='line_1_18' title="bbox 446 2674 2124 2763; baseline 0.003 -24"><span class='ocrx_word' id='word_1_119' title='bbox 446 2674 544 2739; x_wconf 76' lang='lat' dir='ltr'><strong>De</strong></span> <span class='ocrx_word' id='word_1_120' title='bbox 573 2675 830 2755; x_wconf 74' lang='lat' dir='ltr'><strong>homine,</strong></span> <span class='ocrx_word' id='word_1_121' title='bbox 860 2678 970 2763; x_wconf 76' lang='lat' dir='ltr'><strong>qui</strong></span> <span class='ocrx_word' id='word_1_122' title='bbox 996 2675 1236 2742; x_wconf 80' lang='lat' dir='ltr'><strong>diabolo</strong></span> <span class='ocrx_word' id='word_1_123' title='bbox 1266 2677 1612 2763; x_wconf 60' lang='lat' dir='ltr'><strong>lamnaffimn</strong></span> <span class='ocrx_word' id='word_1_124' title='bbox 1626 2679 1877 2763; x_wconf 76' lang='lat' dir='ltr'><strong>fecerit,</strong></span> <span class='ocrx_word' id='word_1_125' title='bbox 1911 2700 1955 2751; x_wconf 78' lang='lat' dir='ltr'><strong>a</strong></span> <span class='ocrx_word' id='word_1_126' title='bbox 1987 2680 2124 2744; x_wconf 79' lang='lat' dir='ltr'><strong>viro</strong></span> 
     </span>
     <span class='ocr_line' id='line_1_19' title="bbox 1063 2774 1489 2841; baseline 0 0"><span class='ocrx_word' id='word_1_127' title='bbox 1063 2777 1189 2841; x_wconf 72' lang='lat' dir='ltr'><strong>Dei</strong></span> <span class='ocrx_word' id='word_1_128' title='bbox 1213 2774 1489 2841; x_wconf 72' lang='lat' dir='ltr'><strong>biberato.</strong></span> 
     </span>
    </p>

    <p class='ocr_par' dir='ltr' id='par_1_5' title="bbox 327 2899 2221 4674">
     <span class='ocr_line' id='line_1_20' title="bbox 453 2899 2221 2985; baseline -0.005 -19"><span class='ocrx_word' id='word_1_129' title='bbox 453 2900 539 2966; x_wconf 92' lang='lat' dir='ltr'><strong>In</strong></span> <span class='ocrx_word' id='word_1_130' title='bbox 589 2901 1090 2984; x_wconf 84' lang='lat' dir='ltr'><strong>aquilonalibus</strong></span> <span class='ocrx_word' id='word_1_131' title='bbox 1141 2899 1416 2983; x_wconf 82' lang='lat' dir='ltr'><strong>Angliae</strong></span> <span class='ocrx_word' id='word_1_132' title='bbox 1465 2899 1776 2983; x_wconf 88' lang='lat' dir='ltr'><strong>partibus</strong></span> <span class='ocrx_word' id='word_1_133' title='bbox 1824 2899 2025 2975; x_wconf 87' lang='lat' dir='ltr'><strong>homo</strong></span> <span class='ocrx_word' id='word_1_134' title='bbox 2071 2903 2221 2985; x_wconf 89' lang='lat' dir='ltr'><strong>qui.</strong></span> 
     </span>
     <span class='ocr_line' id='line_1_21' title="bbox 346 2999 2218 3084; baseline 0.001 -20"><span class='ocrx_word' id='word_1_135' title='bbox 346 3002 511 3065; x_wconf 91' lang='lat' dir='ltr'><strong>dam</strong></span> <span class='ocrx_word' id='word_1_136' title='bbox 558 3007 708 3064; x_wconf 87' lang='lat' dir='ltr'><strong>erat</strong></span> <span class='ocrx_word' id='word_1_137' title='bbox 751 3001 955 3065; x_wconf 87' lang='lat' dir='ltr'><strong>valde</strong></span> <span class='ocrx_word' id='word_1_138' title='bbox 998 3000 1428 3076; x_wconf 86' lang='lat' dir='ltr'><strong>miserabilis,</strong></span> <span class='ocrx_word' id='word_1_139' title='bbox 1485 3000 1605 3082; x_wconf 85' lang='lat' dir='ltr'><strong>qui</strong></span> <span class='ocrx_word' id='word_1_140' title='bbox 1648 2999 1994 3065; x_wconf 83' lang='lat' dir='ltr'><strong>fortunam</strong></span> <span class='ocrx_word' id='word_1_141' title='bbox 2046 3020 2218 3084; x_wconf 86' lang='lat' dir='ltr'><strong>pau·</strong></span> 
     </span>
     <span class='ocr_line' id='line_1_22' title="bbox 333 3099 2219 3184; baseline 0.001 -20"><span class='ocrx_word' id='word_1_142' title='bbox 333 3099 638 3184; x_wconf 77' lang='lat' dir='ltr'><strong>portatis</strong></span> <span class='ocrx_word' id='word_1_143' title='bbox 679 3119 815 3164; x_wconf 91' lang='lat' dir='ltr'><strong>non</strong></span> <span class='ocrx_word' id='word_1_144' title='bbox 861 3119 1056 3183; x_wconf 83' lang='lat' dir='ltr'><strong>aeque</strong></span> <span class='ocrx_word' id='word_1_145' title='bbox 1090 3100 1312 3164; x_wconf 87' lang='lat' dir='ltr'><strong>ferens</strong></span> <span class='ocrx_word' id='word_1_146' title='bbox 1344 3099 1618 3163; x_wconf 87' lang='lat' dir='ltr'><strong>diabolo</strong></span> <span class='ocrx_word' id='word_1_147' title='bbox 1660 3118 1904 3163; x_wconf 89' lang='lat' dir='ltr'><strong>manus</strong></span> <span class='ocrx_word' id='word_1_148' title='bbox 1936 3100 2123 3164; x_wconf 90' lang='lat' dir='ltr'><strong>dedit</strong></span> <span class='ocrx_word' id='word_1_149' title='bbox 2148 3108 2219 3165; x_wconf 91' lang='lat' dir='ltr'><strong>et</strong></span> 
     </span>
     <span class='ocr_line' id='line_1_23' title="bbox 338 3198 2217 3283; baseline 0.001 -20"><span class='ocrx_word' id='word_1_150' title='bbox 338 3199 740 3282; x_wconf 85' lang='lat' dir='ltr'><strong>homagium</strong></span> <span class='ocrx_word' id='word_1_151' title='bbox 773 3200 838 3264; x_wconf 86' lang='lat' dir='ltr'><strong>ei</strong></span> <span class='ocrx_word' id='word_1_152' title='bbox 867 3199 1050 3265; x_wconf 88' lang='lat' dir='ltr'><strong>fecit.</strong></span> <span class='ocrx_word' id='word_1_153' title='bbox 1153 3198 1490 3264; x_wconf 87' lang='lat' dir='ltr'><strong>Diabolus</strong></span> <span class='ocrx_word' id='word_1_154' title='bbox 1522 3206 1776 3274; x_wconf 89' lang='lat' dir='ltr'><strong>autem,</strong></span> <span class='ocrx_word' id='word_1_155' title='bbox 1811 3217 1966 3263; x_wconf 86' lang='lat' dir='ltr'><strong>cum</strong></span> <span class='ocrx_word' id='word_1_156' title='bbox 1996 3207 2217 3283; x_wconf 81' lang='lat' dir='ltr'><strong>captae</strong></span> 
     </span>
     <span class='ocr_line' id='line_1_24' title="bbox 340 3297 2217 3381; baseline 0.001 -19"><span class='ocrx_word' id='word_1_157' title='bbox 340 3298 602 3381; x_wconf 80' lang='lat' dir='ltr'><strong>praedae</strong></span> <span class='ocrx_word' id='word_1_158' title='bbox 661 3317 803 3363; x_wconf 80' lang='lat' dir='ltr'><strong>suae</strong></span> <span class='ocrx_word' id='word_1_159' title='bbox 857 3297 1274 3381; x_wconf 86' lang='lat' dir='ltr'><strong>aliquamdiu</strong></span> <span class='ocrx_word' id='word_1_160' title='bbox 1329 3297 1777 3374; x_wconf 88' lang='lat' dir='ltr'><strong>incubuisset,</strong></span> <span class='ocrx_word' id='word_1_161' title='bbox 1846 3298 2052 3363; x_wconf 87' lang='lat' dir='ltr'><strong>miser</strong></span> <span class='ocrx_word' id='word_1_162' title='bbox 2099 3299 2217 3364; x_wconf 85' lang='lat' dir='ltr'><strong>ille</strong></span> 
     </span>
     <span class='ocr_line' id='line_1_25' title="bbox 337 3396 2217 3480; baseline -0.001 -17"><span class='ocrx_word' id='word_1_163' title='bbox 337 3398 734 3480; x_wconf 84' lang='lat' dir='ltr'><strong>intelligens</strong></span> <span class='ocrx_word' id='word_1_164' title='bbox 774 3406 1037 3462; x_wconf 88' lang='lat' dir='ltr'><strong>reatum</strong></span> <span class='ocrx_word' id='word_1_165' title='bbox 1069 3417 1269 3461; x_wconf 91' lang='lat' dir='ltr'><strong>suum</strong></span> <span class='ocrx_word' id='word_1_166' title='bbox 1297 3396 1633 3479; x_wconf 83' lang='lat' dir='ltr'><strong>poenitere</strong></span> <span class='ocrx_word' id='word_1_167' title='bbox 1664 3397 1900 3479; x_wconf 87' lang='lat' dir='ltr'><strong>coepit,</strong></span> <span class='ocrx_word' id='word_1_168' title='bbox 1931 3399 2217 3462; x_wconf 90' lang='lat' dir='ltr'><strong>circum-</strong></span> 
     </span>
     <span class='ocr_line' id='line_1_26' title="bbox 334 3497 2211 3580; baseline -0.001 -18"><span class='ocrx_word' id='word_1_169' title='bbox 334 3498 641 3580; x_wconf 87' lang='lat' dir='ltr'><strong>spiciens</strong></span> <span class='ocrx_word' id='word_1_170' title='bbox 674 3504 743 3561; x_wconf 93' lang='lat' dir='ltr'><strong>et</strong></span> <span class='ocrx_word' id='word_1_171' title='bbox 784 3497 1188 3574; x_wconf 77' lang='lat' dir='ltr'><strong>deliberanS,</strong></span> <span class='ocrx_word' id='word_1_172' title='bbox 1221 3497 1332 3560; x_wconf 93' lang='lat' dir='ltr'><strong>cui</strong></span> <span class='ocrx_word' id='word_1_173' title='bbox 1377 3515 1452 3559; x_wconf 86' lang='lat' dir='ltr'><strong>se</strong></span> <span class='ocrx_word' id='word_1_174' title='bbox 1495 3503 1790 3578; x_wconf 87' lang='lat' dir='ltr'><strong>patrono</strong></span> <span class='ocrx_word' id='word_1_175' title='bbox 1832 3498 2211 3561; x_wconf 90' lang='lat' dir='ltr'><strong>committe-</strong></span> 
     </span>
     <span class='ocr_line' id='line_1_27' title="bbox 334 3594 2209 3679; baseline -0.001 -18"><span class='ocrx_word' id='word_1_176' title='bbox 334 3605 473 3675; x_wconf 90' lang='lat' dir='ltr'><strong>ret,</strong></span> <span class='ocrx_word' id='word_1_177' title='bbox 505 3598 623 3679; x_wconf 89' lang='lat' dir='ltr'><strong>qui</strong></span> <span class='ocrx_word' id='word_1_178' title='bbox 649 3596 840 3660; x_wconf 89' lang='lat' dir='ltr'><strong>illum</strong></span> <span class='ocrx_word' id='word_1_179' title='bbox 871 3616 916 3660; x_wconf 91' lang='lat' dir='ltr'><strong>a</strong></span> <span class='ocrx_word' id='word_1_180' title='bbox 943 3604 1161 3661; x_wconf 87' lang='lat' dir='ltr'><strong>morte</strong></span> <span class='ocrx_word' id='word_1_181' title='bbox 1195 3595 1440 3660; x_wconf 80' lang='lat' dir='ltr'><strong>animae</strong></span> <span class='ocrx_word' id='word_1_182' title='bbox 1481 3594 1826 3659; x_wconf 86' lang='lat' dir='ltr'><strong>liberaret.</strong></span> <span class='ocrx_word' id='word_1_183' title='bbox 1931 3595 2209 3660; x_wconf 89' lang='lat' dir='ltr'><strong>Postre-</strong></span> 
     </span>
     <span class='ocr_line' id='line_1_28' title="bbox 330 3693 2208 3779; baseline -0.001 -19"><span class='ocrx_word' id='word_1_184' title='bbox 330 3717 452 3761; x_wconf 91' lang='lat' dir='ltr'><strong>mo</strong></span> <span class='ocrx_word' id='word_1_185' title='bbox 490 3697 765 3760; x_wconf 89' lang='lat' dir='ltr'><strong>beatum</strong></span> <span class='ocrx_word' id='word_1_186' title='bbox 799 3695 1164 3761; x_wconf 86' lang='lat' dir='ltr'><strong>Wlfricum</strong></span> <span class='ocrx_word' id='word_1_187' title='bbox 1210 3694 1398 3758; x_wconf 88' lang='lat' dir='ltr'><strong>adire</strong></span> <span class='ocrx_word' id='word_1_188' title='bbox 1431 3693 1857 3771; x_wconf 84' lang='lat' dir='ltr'><strong>deliberavit,</strong></span> <span class='ocrx_word' id='word_1_189' title='bbox 1896 3694 1966 3758; x_wconf 90' lang='lat' dir='ltr'><strong>in</strong></span> <span class='ocrx_word' id='word_1_190' title='bbox 2009 3695 2208 3779; x_wconf 88' lang='lat' dir='ltr'><strong>cujus</strong></span> 
     </span>
     <span class='ocr_line' id='line_1_29' title="bbox 330 3793 2206 3877; baseline 0 -18"><span class='ocrx_word' id='word_1_191' title='bbox 330 3815 549 3860; x_wconf 84' lang='lat' dir='ltr'><strong>manu</strong></span> <span class='ocrx_word' id='word_1_192' title='bbox 598 3795 787 3859; x_wconf 86' lang='lat' dir='ltr'><strong>salus</strong></span> <span class='ocrx_word' id='word_1_193' title='bbox 821 3796 1167 3877; x_wconf 89' lang='lat' dir='ltr'><strong>quiescere</strong></span> <span class='ocrx_word' id='word_1_194' title='bbox 1201 3794 1577 3871; x_wconf 90' lang='lat' dir='ltr'><strong>dicebatur,</strong></span> <span class='ocrx_word' id='word_1_195' title='bbox 1620 3800 1691 3857; x_wconf 88' lang='lat' dir='ltr'><strong>et</strong></span> <span class='ocrx_word' id='word_1_196' title='bbox 1723 3793 1808 3856; x_wconf 90' lang='lat' dir='ltr'><strong>de</strong></span> <span class='ocrx_word' id='word_1_197' title='bbox 1841 3813 2206 3876; x_wconf 84' lang='lat' dir='ltr'><strong>progressu</strong></span> 
     </span>
     <span class='ocr_line' id='line_1_30' title="bbox 329 3892 2206 3976; baseline -0.001 -18"><span class='ocrx_word' id='word_1_198' title='bbox 329 3914 465 3960; x_wconf 89' lang='lat' dir='ltr'><strong>suo</strong></span> <span class='ocrx_word' id='word_1_199' title='bbox 488 3894 688 3959; x_wconf 87' lang='lat' dir='ltr'><strong>valde</strong></span> <span class='ocrx_word' id='word_1_200' title='bbox 717 3894 1077 3972; x_wconf 77' lang='lat' dir='ltr'><strong>sollicituS,</strong></span> <span class='ocrx_word' id='word_1_201' title='bbox 1107 3913 1262 3958; x_wconf 91' lang='lat' dir='ltr'><strong>cum</strong></span> <span class='ocrx_word' id='word_1_202' title='bbox 1292 3892 1560 3957; x_wconf 91' lang='lat' dir='ltr'><strong>cuidam</strong></span> <span class='ocrx_word' id='word_1_203' title='bbox 1582 3912 1860 3957; x_wconf 89' lang='lat' dir='ltr'><strong>suorum</strong></span> <span class='ocrx_word' id='word_1_204' title='bbox 1886 3894 1956 3957; x_wconf 92' lang='lat' dir='ltr'><strong>id</strong></span> <span class='ocrx_word' id='word_1_205' title='bbox 1982 3895 2206 3976; x_wconf 91' lang='lat' dir='ltr'><strong>ipsum</strong></span> 
     </span>
     <span class='ocr_line' id='line_1_31' title="bbox 329 3989 2209 4072; baseline 0 -16"><span class='ocrx_word' id='word_1_206' title='bbox 329 3994 737 4071; x_wconf 86' lang='lat' dir='ltr'><strong>revelasset,</strong></span> <span class='ocrx_word' id='word_1_207' title='bbox 781 3993 1049 4059; x_wconf 85' lang='lat' dir='ltr'><strong>adstitit</strong></span> <span class='ocrx_word' id='word_1_208' title='bbox 1086 3994 1151 4058; x_wconf 91' lang='lat' dir='ltr'><strong>ei</strong></span> <span class='ocrx_word' id='word_1_209' title='bbox 1180 3992 1493 4057; x_wconf 85' lang='lat' dir='ltr'><strong>diabolus</strong></span> <span class='ocrx_word' id='word_1_210' title='bbox 1521 3992 1594 4054; x_wconf 92' lang='lat' dir='ltr'><strong>in</strong></span> <span class='ocrx_word' id='word_1_211' title='bbox 1622 3989 1845 4072; x_wconf 77' lang='lat' dir='ltr'><strong>effigie</strong></span> <span class='ocrx_word' id='word_1_212' title='bbox 1879 4000 2209 4056; x_wconf 87' lang='lat' dir='ltr'><strong>consueta</strong></span> 
     </span>
     <span class='ocr_line' id='line_1_32' title="bbox 328 4092 2208 4175; baseline -0.003 -16"><span class='ocrx_word' id='word_1_213' title='bbox 328 4101 402 4159; x_wconf 90' lang='lat' dir='ltr'><strong>et</strong></span> <span class='ocrx_word' id='word_1_214' title='bbox 461 4100 650 4169; x_wconf 86' lang='lat' dir='ltr'><strong>nota,</strong></span> <span class='ocrx_word' id='word_1_215' title='bbox 698 4093 888 4159; x_wconf 90' lang='lat' dir='ltr'><strong>illum</strong></span> <span class='ocrx_word' id='word_1_216' title='bbox 940 4092 1345 4175; x_wconf 87' lang='lat' dir='ltr'><strong>proditionis</strong></span> <span class='ocrx_word' id='word_1_217' title='bbox 1401 4109 1699 4172; x_wconf 82' lang='lat' dir='ltr'><strong>arguens</strong></span> <span class='ocrx_word' id='word_1_218' title='bbox 1753 4092 2208 4172; x_wconf 83' lang='lat' dir='ltr'><strong>castigatione</strong></span> 
     </span>
     <span class='ocr_line' id='line_1_33' title="bbox 328 4190 2206 4276; baseline -0.002 -19"><span class='ocrx_word' id='word_1_219' title='bbox 328 4191 599 4257; x_wconf 87' lang='lat' dir='ltr'><strong>crudeli</strong></span> <span class='ocrx_word' id='word_1_220' title='bbox 636 4211 711 4257; x_wconf 91' lang='lat' dir='ltr'><strong>se</strong></span> <span class='ocrx_word' id='word_1_221' title='bbox 746 4193 972 4275; x_wconf 90' lang='lat' dir='ltr'><strong>ipsum</strong></span> <span class='ocrx_word' id='word_1_222' title='bbox 1010 4192 1251 4276; x_wconf 86' lang='lat' dir='ltr'><strong>punire</strong></span> <span class='ocrx_word' id='word_1_223' title='bbox 1300 4190 1622 4267; x_wconf 88' lang='lat' dir='ltr'><strong>minatur,</strong></span> <span class='ocrx_word' id='word_1_224' title='bbox 1654 4190 1715 4254; x_wconf 90' lang='lat' dir='ltr'><strong>si</strong></span> <span class='ocrx_word' id='word_1_225' title='bbox 1754 4190 1917 4273; x_wconf 93' lang='lat' dir='ltr'><strong>quid</strong></span> <span class='ocrx_word' id='word_1_226' title='bbox 1953 4191 2092 4254; x_wconf 88' lang='lat' dir='ltr'><strong>tale</strong></span> <span class='ocrx_word' id='word_1_227' title='bbox 2121 4190 2206 4254; x_wconf 92' lang='lat' dir='ltr'><strong>de</strong></span> 
     </span>
     <span class='ocr_line' id='line_1_34' title="bbox 328 4289 2205 4372; baseline -0.003 -15"><span class='ocrx_word' id='word_1_228' title='bbox 328 4300 590 4357; x_wconf 84' lang='lat' dir='ltr'><strong>caetero</strong></span> <span class='ocrx_word' id='word_1_229' title='bbox 651 4299 1062 4372; x_wconf 83' lang='lat' dir='ltr'><strong>attentaret3</strong></span> <span class='ocrx_word' id='word_1_230' title='bbox 1123 4299 1197 4356; x_wconf 91' lang='lat' dir='ltr'><strong>at</strong></span> <span class='ocrx_word' id='word_1_231' title='bbox 1252 4290 1454 4354; x_wconf 89' lang='lat' dir='ltr'><strong>homo</strong></span> <span class='ocrx_word' id='word_1_232' title='bbox 1499 4289 1616 4353; x_wconf 89' lang='lat' dir='ltr'><strong>ille</strong></span> <span class='ocrx_word' id='word_1_233' title='bbox 1669 4289 1804 4352; x_wconf 90' lang='lat' dir='ltr'><strong>sibi</strong></span> <span class='ocrx_word' id='word_1_234' title='bbox 1861 4289 2205 4352; x_wconf 88' lang='lat' dir='ltr'><strong>silentium</strong></span> 
     </span>
     <span class='ocr_line' id='line_1_35' title="bbox 327 4388 2204 4475; baseline -0.003 -20"><span class='ocrx_word' id='word_1_235' title='bbox 327 4393 691 4475; x_wconf 88' lang='lat' dir='ltr'><strong>imponens</strong></span> <span class='ocrx_word' id='word_1_236' title='bbox 715 4392 888 4456; x_wconf 87' lang='lat' dir='ltr'><strong>vidit</strong></span> <span class='ocrx_word' id='word_1_237' title='bbox 915 4390 1296 4467; x_wconf 85' lang='lat' dir='ltr'><strong>manifeste,</strong></span> <span class='ocrx_word' id='word_1_238' title='bbox 1314 4388 1494 4473; x_wconf 89' lang='lat' dir='ltr'><strong>quod</strong></span> <span class='ocrx_word' id='word_1_239' title='bbox 1514 4389 1830 4452; x_wconf 91' lang='lat' dir='ltr'><strong>inimicus</strong></span> <span class='ocrx_word' id='word_1_240' title='bbox 1848 4388 1998 4472; x_wconf 90' lang='lat' dir='ltr'><strong>ejus</strong></span> <span class='ocrx_word' id='word_1_241' title='bbox 2022 4388 2204 4467; x_wconf 77' lang='lat' dir='ltr'><strong>cogi-</strong></span> 
     </span>
     <span class='ocr_line' id='line_1_36' title="bbox 327 4486 2205 4571; baseline -0.004 -17"><span class='ocrx_word' id='word_1_242' title='bbox 327 4492 634 4555; x_wconf 89' lang='lat' dir='ltr'><strong>tationes</strong></span> <span class='ocrx_word' id='word_1_243' title='bbox 664 4490 887 4555; x_wconf 90' lang='lat' dir='ltr'><strong>cordis</strong></span> <span class='ocrx_word' id='word_1_244' title='bbox 918 4490 1026 4554; x_wconf 91' lang='lat' dir='ltr'><strong>sui</strong></span> <span class='ocrx_word' id='word_1_245' title='bbox 1058 4510 1195 4554; x_wconf 91' lang='lat' dir='ltr'><strong>non</strong></span> <span class='ocrx_word' id='word_1_246' title='bbox 1226 4489 1689 4571; x_wconf 83' lang='lat' dir='ltr'><strong>cognovisset,</strong></span> <span class='ocrx_word' id='word_1_247' title='bbox 1712 4487 1843 4551; x_wconf 86' lang='lat' dir='ltr'><strong>nisi</strong></span> <span class='ocrx_word' id='word_1_248' title='bbox 1873 4506 1990 4550; x_wconf 90' lang='lat' dir='ltr'><strong>eas</strong></span> <span class='ocrx_word' id='word_1_249' title='bbox 2015 4486 2205 4568; x_wconf 89' lang='lat' dir='ltr'><strong>prius</strong></span> 
     </span>
     <span class='ocr_line' id='line_1_37' title="bbox 327 4584 2205 4674; baseline -0.004 -20"><span class='ocrx_word' id='word_1_250' title='bbox 327 4611 460 4672; x_wconf 85' lang='lat' dir='ltr'><strong>per</strong></span> <span class='ocrx_word' id='word_1_251' title='bbox 481 4591 759 4655; x_wconf 88' lang='lat' dir='ltr'><strong>verbum</strong></span> <span class='ocrx_word' id='word_1_252' title='bbox 791 4591 1198 4674; x_wconf 87' lang='lat' dir='ltr'><strong>prodidisset</strong></span> <span class='ocrx_word' id='word_1_253' title='bbox 1228 4589 1337 4653; x_wconf 88' lang='lat' dir='ltr'><strong>vel</strong></span> <span class='ocrx_word' id='word_1_254' title='bbox 1369 4589 1663 4670; x_wconf 86' lang='lat' dir='ltr'><strong>signum.</strong></span> <span class='ocrx_word' id='word_1_255' title='bbox 1754 4584 2205 4650; x_wconf 81' lang='lat' dir='ltr'><strong>Dissimulate</strong></span> 
     </span>
    </p>
   </div>
  </div>
 </body>
</html>
