3457 5887
1123 797 1255 862 396
1625 811 1890 865 uocum
1940 812 2033 859 na
2075 812 2489 861 wunnovnu
2516 816 2521 819 ’

812 981 921 1025 ω).
942 985 1055 1027 11⁷8.
1129 989 1361 1035 arcere
1389 989 1525 1033 non
1557 975 1850 1051 poterat,
1893 967 2073 1033 unde
2116 968 2378 1051 placuit
2420 969 2674 1045 abbati,
2709 978 2782 1035 ut
2810 991 2993 1036 mar·

804 1031 1097 1135 kffiffiffi
1131 1077 1318 1155 tyras
1361 1069 1580 1132 sancti
1622 1069 1691 1131 in
1735 1068 1920 1132 beati
1947 1066 2203 1131 Albani
2247 1068 2598 1132 basilicam
2640 1079 2987 1151 portaren-

1132 1177 1268 1247 tur,
1296 1169 1412 1232 ubi
1451 1167 1762 1232 custodia
1807 1167 2202 1248 diligentior
2243 1175 2312 1230 et
2341 1168 2670 1231 securitas
2703 1170 2987 1251 amplior

1130 1275 1402 1352 poterat
1444 1267 1772 1331 adhiberi.
1875 1265 2060 1344 Quid
2107 1266 2325 1330 multa
2343 1268 2375 1331 l
2481 1267 2795 1331 Redeunt
2836 1288 2991 1331 cum

1128 1369 1375 1432 abbate
1418 1367 1665 1431 fratres
1710 1366 2079 1446 separatim
2121 1372 2513 1430 sanctorum
2556 1385 2847 1449 corpora
2878 1367 2995 1431 de-

1126 1467 1442 1531 serentes.
1547 1464 1870 1528 Procedit
1901 1465 2313 1547 martyribus
2345 1466 2618 1528 obviam
2659 1485 2813 1553 cum
2841 1486 2996 1547 pro-

1127 1566 1433 1630 cessione
1486 1571 1891 1639 conventus,
1934 1582 2180 1645 corpus
2231 1583 2457 1628 secum
2507 1565 2693 1628 beati
2742 1564 2991 1629 Albani

1127 1665 1446 1748 martyris
1493 1664 1959 1746 deportanteS,
2004 1663 2182 1744 quod
2229 1682 2383 1727 cum
2433 1663 2798 1745 aliquoties
2827 1684 2987 1728 con-

1126 1765 1448 1839 sueverit,
1502 1769 1706 1844 prout
1750 1762 1900 1846 ejus
1954 1763 2416 1845 portatoribus
2468 1771 2768 1839 constat,
2821 1765 2983 1828 satis

1127 1864 1422 1928 existere
1467 1863 1947 1943 ponderosum,
1991 1868 2252 1925 tantam
2295 1862 2401 1924 sui
2444 1860 2843 1926 facilitatem
2868 1864 2979 1927 illa

1129 1962 1295 2026 hora
1343 1962 1677 2037 exhibuit,
1727 1967 1808 2024 ut
1849 1960 2083 2025 volare
2142 1960 2372 2043 potius
2427 1980 2635 2043 quam
2696 1961 2981 2026 humeris

1126 2062 1486 2125 ferentium
1545 2061 1932 2125 incumbere
1991 2060 2388 2139 videretur3
2462 2063 2763 2125 occurrit
2826 2082 2982 2143 ergo

1127 2168 1388 2245 martyr
1433 2158 1869 2242 martyribus,
1913 2160 2245 2240 magistro
2292 2159 2689 2241 discipuluS,
2740 2168 2810 2224 et
2844 2161 2986 2243 jam

1125 2261 1354 2343 palam
1398 2260 1800 2341 magistrum
1842 2259 2098 2342 recepit
2131 2268 2606 2335 revertentem,
2640 2278 2841 2342 quem
2868 2260 2985 2323 ha-

1125 2361 1330 2425 bebat
1374 2359 1533 2424 olim
1579 2358 1755 2423 clam
1805 2357 1961 2422 fidei
2002 2358 2347 2422 doctorem
2394 2359 2466 2421 in
2510 2360 2783 2439 tugurio
2828 2360 2983 2423 lati-

1125 2466 1406 2523 tantem.
1497 2458 1631 2521 Sed
1669 2457 2095 2533 miraculum,
2129 2457 2308 2539 quod
2352 2456 2424 2519 in
2451 2457 2793 2522 elementis
2836 2460 2980 2521 suis

1125 2558 1462 2622 Dominus
1496 2556 1853 2621 ostendere
1905 2556 2224 2638 dignatus
2268 2563 2374 2619 est
2423 2576 2567 2619 cum
2613 2558 2971 2621 obviantes

1122 2677 1195 2721 se
1254 2658 1569 2740 primitus
1627 2655 1933 2738 reliquiae
1991 2656 2247 2738 pariter
2305 2665 2775 2731 convenerunt,
2830 2676 2967 2720 non

1122 2756 1323 2821 debet
1373 2757 1500 2819 sub
1542 2755 1820 2819 silentio
1857 2755 2234 2837 praeteriri3
2290 2773 2446 2817 cum
2486 2755 2658 2817 enim
2701 2756 2969 2819 siccitas

1123 2856 1479 2939 prolixior,
1513 2855 1780 2919 exustis
1814 2853 2040 2918 herbis
2069 2861 2138 2918 et
2169 2853 2520 2929 fructibus,
2545 2852 2797 2918 diutius
2828 2874 2974 2936 per-

1122 2957 1437 3020 durasset
1473 2963 1543 3020 et
1586 2955 1921 3037 agricolas
1965 2954 2361 3036 desperatos
2410 2954 2837 3031 reddidisset,
2869 2975 2981 3019 eo-

1120 3056 1274 3120 dem
1308 3061 1671 3130 moment0‚
1703 3072 1858 3117 cum
1882 3055 1953 3117 in
1982 3073 2137 3117 aere
2168 3073 2292 3117 nec
2319 3053 2597 3118 minima
2623 3063 2982 3137 appareret

1123 3155 1482 3230 nubecula,
1511 3162 1706 3218 tanta
1734 3153 2117 3234 pluviarum
2150 3152 2502 3217 inundatio
2535 3155 2871 3236 prorupit,
2906 3164 2979 3218 ut

1121 3263 1191 3320 et
1223 3255 1496 3337 copiose
1521 3252 2009 3317 descendentes
2045 3251 2294 3315 imbres
2330 3259 2581 3316 terram
2616 3254 2979 3318 irrorarent

1121 3362 1192 3418 et
1219 3354 1596 3436 desperatae
1626 3352 1866 3416 messis
1893 3370 2083 3433 spem
2116 3351 2588 3433 promitterent
2625 3352 2977 3418 laetiorem.

1124 3454 1457 3518 Inventus
1485 3458 1591 3516 est
1618 3460 1846 3516 autem
1876 3450 2216 3533 pretiosus
2241 3457 2501 3534 martyr
2531 3450 2978 3535 Amphibalus

1120 3572 1273 3618 cum
1303 3553 1505 3617 sociis
1539 3551 1705 3628 suis,
1750 3558 1816 3615 et
1844 3551 1914 3613 in
1945 3549 2301 3614 ecclesiam
2324 3550 2508 3614 beati
2541 3550 2795 3616 Albani
2826 3572 2973 3615 cum

1119 3653 1402 3717 canticis
1456 3658 1527 3716 et
1563 3651 1840 3714 laudum
1888 3649 2246 3731 praeconiis
2294 3649 2665 3715 solenniter
2710 3651 2970 3716 delatus

1118 3757 1245 3827 est,
1290 3769 1470 3814 anno
1512 3769 1556 3813 a
1593 3752 1908 3831 passione
1953 3766 2082 3813 sua
2128 3749 2692 3830 octingentoeimo
2740 3760 2970 3816 octua-

1117 3851 1375 3933 gesimo
1408 3858 1633 3925 sext0‚
1672 3850 1760 3912 ab
1804 3848 2269 3913 incarnatione
2301 3849 2576 3913 Domini
2619 3850 2969 3915 milloeimo

1115 3948 1482 4014 centesimo
1513 3949 2020 4031 septuagesimo
2042 3948 2355 4028 septimo,
2384 3948 2493 4013 die
2512 3950 2808 4026 sabbati,
2828 3970 2969 4033 sep-

1117 4049 1279 4113 timo
1314 4046 1642 4111 kalendas
1673 4046 1720 4110 J
1725 4047 1872 4110 ulii.
1975 4047 2061 4111 In
2090 4049 2454 4128 praesentia
2494 4058 2722 4113 autem
2774 4068 2966 4114 sauc-

1117 4157 1337 4213 tarum
1378 4145 1816 4228 reliquiarum
1859 4147 2098 4227 ipsius,
2141 4165 2404 4211 necnon
2451 4154 2521 4211 et
2565 4148 2634 4211 in
2679 4149 2829 4213 loco
2864 4169 2963 4212 se-

1115 4248 1408 4330 pulturae
1434 4244 1607 4329 ejus,
1636 4245 1722 4308 ad
1752 4244 2020 4311 laudem
2053 4246 2185 4310 Dei
2214 4253 2286 4309 et
2317 4246 2601 4327 gloriam
2628 4249 2960 4331 martyriS,

1116 4367 1160 4411 a
1206 4346 1492 4411 diversis
1531 4345 2038 4409 infirmitatibus
2080 4354 2412 4409 sanantur
2452 4348 2718 4428 aegroti,
2766 4367 2960 4411 mem-

1113 4448 1235 4510 bra
1299 4445 1678 4528 paralytica
1731 4443 2130 4521 solidantur,
2179 4452 2518 4509 mutorum
2563 4465 2685 4510 ora
2741 4447 2827 4510 ad
2869 4446 2963 4510 lo-

1110 4545 1447 4628 quendum
1493 4545 1840 4620 laxantur,
1884 4544 2083 4607 caecis
2129 4544 2445 4608 tribuitur
2491 4546 2701 4623 visus,
2745 4545 2957 4609 surdis
