3457 5887
915 847 1189 895 nous
1233 846 1766 896 ffls'ronuauu.
2143 834 2274 899 325

403 1005 587 1070 tione
611 1006 939 1085 ecclesiae,
958 1011 1045 1073 ab
1067 1029 1149 1073 eo
1166 1007 1344 1091 quod
1364 1006 1653 1085 solebat,
1671 1007 1968 1071 animum
1993 1009 2265 1089 avertit,
2291 1021 2532 1112 11:2¹1:ssss

400 1113 470 1167 et
503 1106 652 1187 jam
682 1106 752 1169 in
780 1107 1038 1185 multis,
1067 1109 1246 1173 sicut
1287 1109 1358 1171 in
1390 1107 1963 1190 appellationibus
1996 1116 2267 1175 constat
2286 1123 2543 1213 gam*

398 1209 469 1266 et
491 1204 995 1270 visitationibus
1026 1208 1300 1284 nostriS,
1323 1206 1881 1270 communicando
1910 1206 2116 1271 etiam
2138 1228 2263 1273 ex-

397 1305 908 1369 communicatis
936 1305 1334 1370 nominatim
1378 1311 1448 1370 et
1475 1304 1949 1382 schismaticis,
1991 1313 2062 1370 et
2098 1326 2261 1372 con·

396 1400 790 1468 foederando
839 1423 914 1468 se
957 1405 1079 1482 eis,
1132 1411 1202 1469 et
1242 1404 1312 1467 in
1365 1423 1447 1468 eo
1483 1403 1713 1482 etiam,
1753 1404 1934 1486 quod
1978 1425 2259 1471 venera-

396 1500 596 1564 bilem
637 1502 914 1567 fratrem
966 1511 1273 1568 nostrum
1307 1501 1666 1579 Thomam,
1695 1502 2258 1570 cantuariensem

394 1599 995 1685 archiepiscopum,
1018 1601 1101 1667 de
1120 1622 1331 1684 regno
1350 1621 1476 1666 suo
1504 1602 1693 1665 exire
1717 1604 2040 1684 coegerit,
2060 1607 2258 1687 quasi

393 1701 703 1782 persequi
742 1708 811 1766 et
841 1702 1241 1784 impugnare
1276 1701 1567 1777 videtur,
1619 1708 1688 1764 te
1735 1721 1872 1765 non
1918 1703 2255 1768 credimus

389 1797 726 1879 ignorare.
842 1800 1280 1884 Quapropter
1329 1799 1851 1864 sollicitudinem
1902 1808 2089 1866 tuam
2140 1823 2250 1867 ro·

387 1915 653 1978 gamuS,
721 1918 1075 1963 monemus
1133 1906 1341 1981 atque
1403 1898 1827 1977 mandamuS,
1890 1908 2251 1983 quatenuS,

386 1996 715 2080 adjuncto
756 1998 883 2062 tibi
923 1997 1291 2062 venerabili
1328 1996 1538 2062 fratre
1580 2005 1816 2062 nostro
1866 1992 1884 2029 ¹
1901 1999 1990 2063 R.
2026 1999 2248 2065 Here·

385 2092 686 2159 fordensi
735 2097 1076 2181 episcopo,
1130 2095 1421 2160 eundem
1462 2114 1691 2177 regem
1741 2096 2036 2161 sollicite
2070 2119 2250 2164 com·

387 2212 669 2257 moneas
701 2202 770 2259 et
798 2195 1108 2260 studiosa
1135 2193 1612 2259 exhortatione
1638 2194 1944 2274 inducaS,
1985 2203 2085 2275 ut,
2127 2198 2251 2262 hu-

374 2292 750 2375 jus[modi]
788 2295 1138 2378 proposito
1178 2312 1457 2378 prorsus
1512 2292 1776 2371 relicto,
1815 2294 1887 2356 in
1939 2314 2022 2359 eo
2066 2297 2253 2378 quod

381 2393 701 2470 excessit,
748 2395 929 2458 sicut
977 2394 1259 2476 dignum
1313 2399 1438 2470 est,
1483 2392 1888 2471 satisfaciat,
1935 2412 1980 2456 a
2018 2397 2252 2476 pravis

379 2492 644 2555 actibus
701 2495 978 2558 omnino
1027 2493 1338 2569 desistat,
1373 2490 1771 2555 Creatorem
1828 2510 2025 2555 suum
2074 2514 2250 2576 puro

376 2590 579 2655 corde
610 2591 876 2675 diligat,
905 2599 1191 2656 matrem
1233 2609 1428 2654 suam
1468 2589 1854 2654 Romanam
1891 2591 2248 2658 ecclesiam

377 2690 587 2754 solita
617 2693 1055 2756 veneratione
1088 2691 1428 2772 respiciat,
1458 2708 1584 2752 nec
1626 2708 1777 2751 eam
1810 2689 2090 2754 visitare
2121 2712 2242 2756 vo·

374 2787 595 2853 lentes
623 2790 951 2867 inhibeat,
984 2789 1475 2874 appellationes
1505 2787 1592 2850 ad
1622 2806 1774 2850 eam
1803 2787 2019 2852 factas
2047 2790 2238 2855 nullo

376 2889 580 2953 modo
637 2890 987 2972 impediat,
1036 2898 1105 2954 et
1148 2886 1547 2972 praedictnm
1605 2885 1883 2951 fratrem
1933 2897 2240 2954 nostrum

375 2987 736 3065 Thomam,
772 2988 1330 3053 Cantuariensem
1374 2986 1981 3068 archiepiscopum,
2015 2989 2103 3052 ad
2133 3008 2240 3053 se·

374 3087 527 3149 dem
593 3106 786 3152 suam
852 3089 1209 3169 benignius
1268 3104 1596 3150 revocans
1656 3092 1725 3148 et
1780 3085 2109 3150 reducens
2168 3089 2238 3151 in

376 3186 562 3250 beati
615 3186 805 3251 Petri
847 3195 918 3252 et
963 3194 1196 3251 nostra
1236 3184 1614 3249 reverentia
1654 3183 1889 3247 firmus
1930 3185 2238 3251 immobi-

372 3285 595 3367 lisque
654 3285 1007 3365 consistat,
1068 3292 1139 3350 et
1197 3284 1284 3347 ad
1344 3302 1552 3366 opera
1618 3283 2097 3349 misericordiae
2156 3305 2238 3349 ac

374 3384 652 3465 pietatis
697 3386 1028 3462 intendat,
1079 3390 1158 3447 ut
1205 3382 1359 3460 Ille,
1401 3401 1534 3466 per
1587 3401 1790 3463 quem
1842 3401 2037 3464 reges
2089 3404 2241 3465 reg-

373 3492 563 3561 nant,
599 3485 968 3567 temporale
1007 3483 1139 3546 sibi
1189 3501 1475 3564 regnum
1514 3487 1871 3545 conservet
1920 3482 1992 3543 in
2040 3483 2238 3545 terris

367 3590 441 3646 et
477 3585 962 3665 sempiternum
1000 3583 1333 3663 largiatur
1368 3582 1440 3644 in
1484 3579 1692 3644 caelis.
1798 3577 1890 3642 Et
1938 3580 2067 3643 nisi
2103 3582 2238 3645 ista

363 3683 700 3747 maturius
760 3681 1155 3758 correxerit,
1217 3678 1588 3744 timendum
1642 3677 1775 3741 sibi
1826 3678 1978 3756 erit,
2028 3699 2113 3742 ne
2168 3690 2236 3746 et

366 3780 558 3846 Deus
601 3784 664 3846 ei
707 3801 832 3864 pro
875 3781 1006 3844 hiis
1050 3780 1363 3845 omnibus
1407 3778 1713 3860 graviter
1764 3777 2122 3857 irascatur,
2167 3787 2237 3844 et

363 3880 435 3942 in
485 3900 637 3945 enm
694 3890 763 3946 et
808 3880 879 3944 in
930 3900 1092 3944 snos
1140 3878 1384 3942 debeat
1433 3877 1713 3959 gravius
1755 3876 2123 3956 vindicare,
2164 3888 2233 3943 et

434 4061 450 4094 ¹
476 4064 543 4114 R.
588 4064 932 4124 Her-<sardensi
985 4063 1218 4128 episcopo.
1252 4060 1275 4124 ]
1328 4061 1437 4121 liet,
1456 4059 1536 4109 his
1557 4072 1838 4119 successor,
1862 4074 1971 4108 was
2004 4065 2090 4109 not
2120 4076 2234 4110 cou-

363 4133 552 4182 Robert
599 4134 663 4182 de
714 4135 893 4183 Melun
946 4148 1002 4182 or
1050 4131 1277 4180 Maldon.
1328 4129 1554 4178 secrated
1592 4129 1719 4177 until
1761 4132 1906 4190 117⁸,
1940 4144 1999 4178 as
2036 4130 2160 4178 from
2203 4145 2237 4179 a

356 4203 905 4253 Hewasoonsecrated
920 4203 988 4263 by
1002 4201 1212 4261 Becket,
1224 4204 1279 4248 at
1326 4199 1470 4248 letter
1505 4198 1563 4247 of
1592 4197 1784 4246 Becket
1820 4203 1870 4247 to
1903 4199 2005 4246 him
2043 4195 2161 4266 (lib.
2197 4201 2233 4250 i.

360 4272 696 4334 Canterbury,
725 4273 776 4322 in
813 4272 1094 4322 December
1130 4273 1278 4326 1163,
1325 4265 1586 4330 ep.xl.)in
1605 4266 1772 4315 which
1783 4266 1847 4316 he
1869 4269 2110 4329 upbraids
2130 4268 2233 4317 him

358 4342 460 4390 and
478 4343 524 4390 is
539 4342 647 4392 said
671 4347 723 4390 to
739 4342 866 4391 have
880 4341 999 4391 died
1020 4338 1275 4388 inFebru-
1324 4338 1447 4386 with
1478 4336 1662 4397 having
1694 4335 1921 4384 desei-ted
1955 4336 2035 4385 his
2065 4352 2236 4399 cause,

355 4426 448 4472 ary
464 4414 616 4472 11673
639 4413 791 4473 Angl.
803 4412 1007 4462 Samnii.
1026 4411 1147 4458 149:
1185 4408 1276 4456 but
1323 4407 1486 4455 whom
1509 4405 1574 4454 he
1604 4405 1704 4454 had
1725 4405 1938 4468 thought
1959 4406 2105 4468 given
2133 4406 2234 4454 him

356 4481 471 4529 that
501 4480 601 4530 this
632 4482 676 4531 is
707 4481 791 4530 the
825 4482 1011 4530 Robert
1038 4476 1271 4527 intended
1322 4477 1394 4537 by
1436 4476 1520 4524 the
1559 4475 1689 4523 Lord
1727 4489 1786 4523 as
1831 4490 1863 4523 a
1901 4489 2023 4536 prop
2059 4479 2109 4522 to
2149 4474 2234 4524 the

359 4565 581 4612 appears
623 4565 681 4599 as
718 4551 834 4600 well
872 4551 994 4599 from
1032 4548 1116 4597 the
1153 4547 1273 4609 fact,
1321 4544 1529 4606 church,
1564 4544 1664 4593 and
1700 4544 1865 4593 whom
1904 4544 1966 4593 he
1993 4543 2119 4593 calls
2155 4543 2234 4595 his

354 4620 600 4671 recorded
630 4621 809 4683 belovv,
840 4620 948 4670 that
969 4619 1155 4669 Robert
1177 4618 1272 4666 Fo-
1322 4617 1569 4666 first-born
1590 4628 1697 4665 son.
