3457 5887
938 938 1213 987 nonus
1260 937 1795 987 ms'ronunuu.
2156 922 2287 988 235

411 1096 738 1179 magister
761 1091 1209 1172 'willelmum
1239 1094 1864 1160 malmesberiensis
1890 1093 2287 1172 monachus,
2312 1112 2420 1153 ω).
2441 1112 2555 1151 ιιιι.

409 1195 795 1279 Anglorum
825 1196 1181 1260 historiam
1213 1194 1627 1261 terminavit.

526 1368 709 1444 Quod
731 1390 839 1434 roa>
870 1367 1223 1454 Stephanus
1232 1368 1497 1454 frustra
1522 1367 1920 1433 Limolm'am
1951 1366 2191 1433 obsedit.

517 1495 722 1559 Anno
761 1496 1040 1561 Domini
1078 1511 1421 1572 ucxmu„
1461 1493 1784 1558 defuncto
1821 1512 2006 1578 papa
2050 1493 2290 1572 Lucio,
2313 1508 2553 1550 ›xo-¹¹⁴⁸-

418 1589 805 1677 Eugenius²
835 1595 1014 1660 sedit
1051 1594 1124 1658 in
1158 1593 1487 1659 cathedra
1521 1593 1839 1658 Romana
1875 1593 2073 1658 annis
2107 1601 2289 1672 octo,

418 1696 764 1759 mensibus
800 1701 1096 1778 quatuor
1126 1701 1198 1759 et
1223 1693 1464 1758 diebus
1496 1693 1745 1775 vig-inti
1776 1712 1936 1757 uno.
2032 1691 2289 1757 Eodem
2311 1705 2493 1797 m

417 1814 604 1860 anno
648 1814 773 1859 rex
806 1792 1192 1875 Anglorum
1233 1787 1657 1876 ³Stephanus
1702 1792 2128 1857 Lincolniam
2170 1794 2292 1857 ob·
2486 1783 2498 1795 ’

418 1894 624 1971 sedit,
656 1902 729 1959 et
754 1913 910 1957 cum
942 1899 1371 1958 construeret
1402 1892 1840 1975 municipium
1875 1899 2118 1956 contra
2142 1911 2294 1958 cas-

420 1993 687 2071 tellum,
746 1991 932 2076 quod
985 1992 1267 2057 tenebat
1313 2010 1541 2057 comes
1594 1990 1979 2056 Cesti-ensis
2030 1991 2292 2056 Ranul-

423 2092 629 2175 phuS,
662 2091 956 2175 operarii
992 2091 1143 2175 ejus
1188 2089 1328 2154 fere
1370 2092 1724 2173 octoginta
1756 2110 1801 2154 a
1830 2090 2079 2156 comite
2118 2110 2289 2173 prae·

428 2192 575 2254 fato
609 2191 947 2255 interfecti
990 2196 1179 2266 sunt,
1207 2195 1279 2252 et
1308 2191 1408 2253 sic
1452 2210 1526 2253 re
1563 2189 1961 2273 imperfecta
1987 2191 2290 2256 recessit.

433 2289 691 2354 Eodem
736 2309 916 2354 anno
950 2287 1298 2354 Robertus
1350 2288 1721 2367 Marmiun,
1753 2288 1861 2353 vir
1902 2288 2292 2366 bellicosuS,

428 2390 551 2472 qui
613 2389 978 2455 monachos
1039 2389 1540 2454 Coventrenses
1588 2409 1636 2453 a
1693 2408 1822 2452 suo
1880 2389 2292 2453 monasterio

425 2489 791 2572 expulerat
832 2496 904 2553 et
953 2489 1039 2553 de
1086 2487 1374 2554 ecclesia
1431 2487 1554 2552 illa
1602 2487 1958 2552 castellum
2015 2487 2292 2566 fecerat,

422 2588 589 2653 dum
645 2596 887 2654 contra
945 2588 1179 2653 hostes
1231 2586 1634 2666 decertaret,
1694 2588 1876 2652 inter
1937 2587 2290 2671 praedones

421 2707 589 2753 suos
637 2696 797 2753 ante
840 2690 1064 2771 ipsum
1117 2689 1603 2752 monasterium
1645 2687 1835 2752 solus
1900 2694 2291 2770 peremptus

422 2796 558 2865 est,
586 2796 657 2853 et
688 2787 1319 2852 excommunicatus
1366 2795 1585 2850 morte
1614 2786 2006 2870 depascitur
2047 2787 2290 2869 sempi-

425 2895 648 2953 terna.
750 2888 1007 2953 Eodem
1051 2906 1216 2952 vero
1264 2894 1570 2970 tempore
1611 2884 2011 2964 Gaufridus,
2052 2884 2289 2951 consul

426 2988 520 3051 de
579 2986 1024 3065 Mandevilla,
1080 2987 1198 3070 qui
1251 2986 1429 3050 idem
1488 2985 1712 3051 scelus
1774 2993 2169 3069 patraverat
2218 2986 2291 3049 in

429 3089 844 3153 monasterio
873 3086 1326 3163 Ramesiensi,
1358 3092 1521 3150 ante
1561 3087 1783 3169 ipsam
1809 3086 2166 3150 ecclesiam
2193 3085 2293 3148 in-

430 3195 543 3251 ter
584 3195 930 3252 consertas
972 3205 1252 3251 suorum
1297 3185 1481 3249 acies
1538 3204 1582 3250 a
1611 3185 1838 3268 pedite
1871 3185 2167 3267 quodam
2197 3184 2295 3248 vi-

425 3286 692 3350 lissimo
720 3287 904 3351 solus
941 3285 1202 3367 sagitta
1231 3304 1593 3367 percussus
1624 3286 1947 3349 occubuit
1982 3283 2292 3349 intersec-

426 3393 589 3465 tus3
635 3386 921 3449 ecclesia
958 3392 1187 3449 autem
1231 3383 1375 3462 illa,
1407 3384 1570 3447 dum
1614 3406 1740 3469 pro
1782 3384 2069 3449 castello
2110 3392 2292 3448 tene-

426 3493 644 3562 retur,
677 3504 722 3549 a
752 3486 896 3550 suis
942 3483 1317 3567 parietibus
1353 3485 1758 3567 sanguinem
1802 3483 2092 3548 ubertim
2134 3482 2294 3547 emi-

421 3584 546 3661 sit,
579 3584 1117 3667 indignationem
1154 3583 1454 3647 divinam
1501 3584 1864 3648 manifeste
1912 3583 2290 3648 declarans.

423 3682 767 3747 Arnulfus
810 3685 1041 3761 etiam,
1094 3682 1399 3768 ejusdem
1436 3684 1702 3748 comitis
1736 3683 1939 3761 filius,
1978 3683 2096 3766 qui
2135 3689 2296 3766 post

423 3790 718 3847 mortem
752 3783 968 3866 patris
1001 3782 1357 3847 ecclesiam
1402 3781 1591 3847 illam
1634 3803 1762 3867 pro
1793 3782 2077 3847 castello
2113 3789 2293 3846 tene-

418 3883 569 3960 bat,
615 3902 658 3946 a
700 3903 861 3965 rege
913 3890 1158 3966 captus
1216 3889 1324 3946 est
1381 3890 1453 3947 et
1503 3882 1858 3947 exsulatus
1894 3902 1914 3962 ς
1980 3880 2296 3965 princeps

420 4001 703 4065 quoque
745 3983 1008 4047 militiae
1041 3982 1191 4066 ejus
1233 3982 1322 4046 ab
1355 4001 1534 4064 equo
1572 4001 1895 4047 corruens
1929 3980 2083 4045 fuso
2115 3999 2297 4044 cere-

419 4083 554 4146 bro
575 4083 978 4166 exspiravit.
1043 4081 1383 4162 Magister
1406 4082 1712 4164 peditum
1737 4074 2163 4157 ⁴Reinerius,
2180 4079 2299 4162 qui

488 4241 509 4274 ¹
549 4243 883 4307 Wilblmaa]
916 4243 1000 4292 He
1020 4244 1065 4291 is
1087 4241 1340 4304 generally
1390 4244 1554 4293 textis
1576 4229 1802 4304 (ἔοι-τεοῖς
1833 4241 1918 4290 the
1933 4241 2196 4291 errorisin
2214 4239 2299 4288 the

418 4313 682 4375 supposed
704 4318 755 4362 to
787 4313 915 4362 have
935 4312 1053 4361 died
1085 4313 1137 4361 in
1163 4311 1263 4359 this
1284 4326 1342 4360 or
1389 4328 1509 4374 year
1528 4314 1581 4362 in
1602 4312 1771 4362 which
1790 4311 1909 4373 they
1930 4325 2016 4361 are
2037 4309 2257 4361 entered.

418 4382 1189 4514 ffmf‘ffss'ggoeffi‘gffinsoe
1238 4381 1341 4431 Μ’·
1458 4419 1481 4453 ⁸
1503 4421 1778 4485 Stephanus
1818 4419 2120 4469 mmm-
2169 4417 2301 4466 ουκ.

491 4520 520 4550 8
540 4522 812 4585 Euge-fu,
845 4522 868 4585 ]
924 4521 1009 4570 the
1051 4519 1226 4577 third}
1279 4518 1343 4567 he
1389 4485 1510 4561 dih]
1553 4492 1731 4553 Hem
1766 4490 1825 4541 os
1864 4488 2214 4552 Hunfinssdon,
2246 4502 2301 4549 p-

425 4591 548 4642 ‹nod
584 4594 639 4641 in
676 4592 803 4654 Juiy
843 4595 989 4641 1158.
1057 4591 1135 4640 Aa
1170 4595 1223 4639 ω
1259 4588 1344 4638 the
1391 4566 1507 4612 ’93-

424 4663 548 4711 time
579 4661 641 4710 of
667 4663 963 4724 occupatiou
993 4660 1053 4710 of
1076 4661 1161 4710 the
1193 4658 1348 4721 popel
1459 4653 1481 4687 ⁴
1504 4653 1780 4705 Reineriua
1822 4653 1847 4718 ]
1923 4652 1941 4681 ‘
1980 4650 2243 4702 Reimarus
2264 4645 2306 4707 ;'

426 4732 571 4781 chair
607 4732 676 4793 by
708 4731 848 4780 these
878 4731 1018 4780 three
1056 4743 1233 4792 popes,
1263 4728 1348 4777 the
1395 4725 1678 4787 Huntingd.
