3457 5887
902 877 1179 927 nonus
1225 878 1760 927 ms'ronmauu.
2136 859 2266 928 435

394 1042 465 1100 et
493 1034 733 1117 spoliis
765 1043 1275 1119 perpetrarent3
1316 1037 1434 1119 qui
1465 1036 1743 1101 tandem
1775 1056 1901 1121 pro
1927 1037 2109 1102 bono
2141 1055 2266 1120 pa·
2292 1046 2401 1087 m)-
2423 1046 2532 1085 ¹¹⁸⁸·

392 1134 492 1199 cis
523 1134 596 1199 in
642 1134 1141 1200 Normanniam
1180 1136 1266 1200 ad
1301 1136 1718 1220 colloquium
1762 1137 2269 1213 convenientes,

395 1233 669 1299 diabolo
707 1235 1295 1318 superseminante
1341 1236 1601 1300 zizania
1648 1237 1722 1300 in
1769 1237 1993 1301 medio
2033 1236 2269 1313 tritici,

393 1331 743 1399 discordes
774 1328 895 1398 ¹ab
925 1334 1221 1399 invicem
1253 1343 1699 1401 recesserunt.

511 1508 595 1574 Ut
649 1509 980 1588 Johoenms,
1029 1503 1372 1596 'Amyniae
1411 1507 1779 1587 cardinalis,
1825 1530 2046 1594 pacem
2109 1511 2272 1575 inter

595 1607 965 1695 Pkib‘fflmm
1006 1610 1403 1675 Francorum
1449 1616 1505 1671 a
1545 1608 1887 1674 Hom-ioum
1927 1608 2273 1696 Anqlorum

594 1729 756 1795 reyes
783 1709 1033 1793 soom-it.

501 1830 708 1897 Anno
763 1832 1145 1897 Dominicae
1196 1830 1579 1913 nativitatis
1633 1848 2064 1899 McLXXX1X.
2115 1828 2273 1898 rex
2299 1854 2408 1895 ιι)
2429 1854 2541 1894 nae.

2299 1907 2446 1946 Attem

408 1919 754 1995 Henricus
816 1932 887 1995 in
949 1930 1262 2014 partibus
1322 1931 1798 1995 transmarinis
1857 1950 2118 1996 moram
2170 1933 2275 1997 fa·
2298 1965 2420 1995 mon

405 2030 593 2095 ciens
662 2030 1157 2107 infestationes,
1212 2047 1387 2112 quas
1457 2029 1591 2093 sibi
1663 2049 1791 2094 rex
1864 2031 2278 2097 Francorum
2301 2055 2460 2094 anoe
2476 2052 2559 2092 ma

409 2128 771 2213 Philippus
813 2138 885 2194 et
921 2148 1148 2194 comes
1188 2129 1632 2194 Pictavorum
1673 2129 2062 2194 Richardus
2099 2130 2281 2194 filius

407 2228 559 2311 ejus
614 2229 982 2306 faciebant,
1032 2229 1339 2312 graviter
1394 2229 1595 2293 nimis
1646 2236 1719 2294 et
1772 2229 2057 2294 moleste
2112 2230 2285 2295 fere-

408 2328 570 2406 bat3
615 2326 750 2391 fuit
781 2335 1011 2393 autem
1047 2328 1133 2392 ad
1173 2328 1406 2393 natale
1449 2326 1730 2393 Domini
1767 2328 1840 2393 in
1874 2326 2286 2411 Andegavia

408 2427 593 2510 apud
644 2426 941 2492 Saumur
991 2434 1064 2492 et
1108 2427 1412 2492 solemne
1463 2427 1713 2491 festum
1766 2428 1861 2492 ibi
1914 2428 2161 2507 tenuit,
2204 2429 2284 2494 li-

408 2534 521 2592 cet
563 2527 1003 2610 quamplures
1054 2526 1140 2591 de
1186 2526 1548 2592 comitibus
1598 2534 1671 2590 et
1717 2527 2091 2592 baronibus
2141 2530 2286 2593 suis

410 2627 499 2690 ab
538 2645 621 2690 eo
663 2626 1107 2691 recessissent
1132 2633 1204 2690 et
1235 2625 1584 2691 Richardo
1616 2625 1759 2690 filio
1797 2645 1923 2691 suo
1961 2627 2285 2692 adhaesis·

413 2733 589 2790 sent.
684 2726 860 2791 Post
891 2725 1144 2791 festum
1187 2726 1410 2791 sancti
1448 2725 1705 2790 Hilarii
1742 2725 1964 2810 ruptis
2001 2729 2286 2809 treugis,

413 2844 569 2907 quae
619 2833 818 2891 erant
863 2826 1044 2891 inter
1089 2844 1312 2908 reges,
1370 2824 1759 2909 Philippus,
1804 2845 1931 2890 rex
1984 2826 2288 2892 Franco-

413 2945 589 3004 rum,
624 2932 696 2991 et
724 2945 952 2992 comes
989 2925 1405 3004 Richardus,
1440 2926 1877 3008 congregatis
1911 2927 2126 3011 copiis
2161 2927 2290 2991 mi-

413 3024 754 3105 litaribus,
795 3027 1230 3091 intraverunt
1264 3033 1485 3091 terras
1527 3027 1710 3109 regis
1742 3023 2019 3108 Angliae
2058 3034 2129 3092 et
2172 3046 2291 3092 eas

415 3124 776 3190 devastare
816 3133 1211 3209 coeperunt3
1257 3125 1578 3190 Britones
1621 3126 1855 3204 etiam,
1898 3126 2137 3191 relicto
2186 3146 2294 3205 eo,

419 3224 768 3290 Richardo
799 3226 1033 3291 comiti
1057 3224 1537 3306 adhoeserunt3
1577 3226 1698 3290 sed
1733 3245 1918 3309 papa
1952 3224 2293 3304 Clemens,

418 3324 763 3389 admirans
809 3324 1107 3389 nondum
1153 3344 1393 3408 pacem
1445 3325 1625 3391 inter
1674 3345 1872 3407 reges
1926 3324 2139 3390 fuisse
2191 3346 2292 3390 re-

419 3424 804 3502 formatam,
833 3424 1021 3489 misit
1055 3424 1101 3489 J
1106 3424 1444 3489 ohannem
1477 3424 1564 3488 de
1593 3418 1958 3506 ⁴Anagnia
1985 3425 2297 3489 cardina-

420 3522 555 3587 lem
604 3542 758 3587 cum
816 3523 1023 3607 plena
1075 3531 1421 3606 potestate
1477 3524 1566 3588 ad
1626 3522 1786 3588 lites
1847 3524 2076 3606 regias
2131 3524 2297 3588 diri-

422 3621 725 3699 mendas,
767 3623 885 3705 qui
928 3642 1083 3687 cum
1123 3623 1213 3687 ad
1251 3642 1371 3687 eos
1412 3623 1739 3701 venisset,
1780 3631 1854 3687 et
1886 3624 2077 3707 ipsos
2115 3642 2297 3687 nunc

420 3722 683 3804 asperis
725 3741 909 3786 nunc
941 3721 1210 3787 blandis
1250 3722 1675 3787 sermonibus
1713 3723 1803 3787 ad
1836 3741 2078 3805 pacem
2111 3742 2296 3787 com-

421 3821 772 3899 movisset,
820 3822 955 3904 ipsi
999 3820 1277 3886 tandem
1333 3841 1549 3903 reges,
1600 3823 1911 3905 praestita
1956 3822 2296 3899 cautione,

414 3921 822 4004 juraverunt
842 3921 1026 4003 quod
1060 3927 1329 3985 starent
1344 3920 1610 4005 judicio
1641 3921 2116 3999 Bituricensis,
2150 3921 2296 3985 Ro-

422 4019 887 4102 thomagensis
936 4027 1009 4085 et
1044 4017 1562 4084 Cantuariensis
1605 4019 2297 4104 archiepiscoporum,

421 4119 523 4183 ita
568 4126 670 4197 ut,
708 4119 769 4184 si
817 4119 971 4202 quis
1018 4138 1251 4185 eorum
1292 4117 1633 4197 deficeret,
1669 4139 1810 4204 quo
1856 4120 2082 4184 minus
2118 4120 2298 4184 inter

425 4236 545 4282 eos
597 4237 738 4301 pax
790 4218 1014 4284 solida
1060 4219 1446 4283 firmaretur
1493 4226 1566 4283 et
1611 4221 1744 4284 iter
1795 4218 2296 4301 Hierosolymi-

500 4390 513 4420 ¹
537 4393 618 4443 Ab
649 4393 850 4443 invicem
877 4394 1214 4458 κοινωνικὴ]
1250 4393 1333 4443 On
1451 4391 1473 4421 ¹
1493 4394 1779 4458 Anagnia]
1794 4394 2086 4457 ‘Agnaniae'
2106 4395 2160 4442 in
2182 4394 2297 4446 MS.

424 4463 510 4512 the
525 4464 719 4525 margin
741 4478 774 4512 a
792 4463 919 4513 later
937 4465 1071 4514 hand
1093 4465 1185 4514 has
1198 4464 1337 4512 writ-
1455 4460 1478 4491 ⁸
1506 4465 1619 4513 Res:
1664 4463 1928 4514 Har-icus.
1961 4464 1984 4526 ]
2052 4463 2298 4525 Compare

427 4538 510 4583 ten
545 4533 698 4582 ‘Huc
739 4547 903 4594 usque
931 4534 983 4582 in
1017 4535 1106 4584 lib.
1138 4534 1334 4583 cronio.
1389 4533 1652 4595 Hoveden,
1672 4549 1726 4595 p.
1749 4537 1863 4583 652.

428 4603 673 4653 Johannis
695 4603 929 4652 abbatis:
975 4604 1068 4653 See
1085 4604 1305 4663 Prqsace.
1458 4601 1480 4632 ⁴
1502 4598 1778 4669 Anagnia]
1803 4604 1819 4631 ‘
1839 4603 2089 4664 Agnania’
2110 4603 2160 4651 in
2184 4603 2298 4654 MS.

1960 4702 2096 4748 sm.

2477 1952 2592 1992 othe

2300 2006 2377 2045 kin
2349 2015 2477 2053 noga
2450 2004 2500 2043 ot

2304 2104 2510 2154 Rugum.
