<?xml version="1.0" encoding="UTF-8"?>
<!DOCTYPE html PUBLIC "-//W3C//DTD XHTML 1.0 Transitional//EN"
    "http://www.w3.org/TR/xhtml1/DTD/xhtml1-transitional.dtd">
<html xmlns="http://www.w3.org/1999/xhtml" xml:lang="en" lang="en">
 <head>
  <title>
</title>
<meta http-equiv="Content-Type" content="text/html;charset=utf-8" />
  <meta name='ocr-system' content='tesseract 3.04.00' />
  <meta name='ocr-capabilities' content='ocr_page ocr_carea ocr_par ocr_line ocrx_word'/>
</head>
<body>
  <div class='ocr_page' id='page_1' title='image "./rogeridewendove00wendgoog_0345.png"; bbox 0 0 3457 5887; ppageno 0'>
   <div class='ocr_carea' id='block_1_1' title="bbox 895 835 2251 900">
    <p class='ocr_par' dir='ltr' id='par_1_1' title="bbox 895 835 2251 900">
     <span class='ocr_line' id='line_1_1' title="bbox 895 835 2251 900; baseline 0.003 -4"><span class='ocrx_word' id='word_1_1' title='bbox 895 849 1169 898; x_wconf 68' lang='lat' dir='ltr'><strong>smnus</strong></span> <span class='ocrx_word' id='word_1_2' title='bbox 1213 849 1742 899; x_wconf 61' lang='lat' dir='ltr'><strong>msa-onustum.</strong></span> <span class='ocrx_word' id='word_1_3' title='bbox 2124 835 2251 900; x_wconf 84' lang='lat'><strong>341</strong></span> 
     </span>
    </p>
   </div>
   <div class='ocr_carea' id='block_1_2' title="bbox 380 1002 2518 4273">
    <p class='ocr_par' dir='ltr' id='par_1_2' title="bbox 380 1002 2518 4273">
     <span class='ocr_line' id='line_1_2' title="bbox 382 1002 2518 1117; baseline 0.004 -50"><span class='ocrx_word' id='word_1_4' title='bbox 382 1002 494 1067; x_wconf 84' lang='lat' dir='ltr'><strong>vel</strong></span> <span class='ocrx_word' id='word_1_5' title='bbox 549 1022 774 1087; x_wconf 87' lang='lat' dir='ltr'><strong>pauca</strong></span> <span class='ocrx_word' id='word_1_6' title='bbox 828 1007 1081 1072; x_wconf 86' lang='lat' dir='ltr'><strong>referre</strong></span> <span class='ocrx_word' id='word_1_7' title='bbox 1134 1008 1322 1086; x_wconf 88' lang='lat' dir='ltr'><strong>libet,</strong></span> <span class='ocrx_word' id='word_1_8' title='bbox 1385 1008 1705 1092; x_wconf 87' lang='lat' dir='ltr'><strong>quoniam</strong></span> <span class='ocrx_word' id='word_1_9' title='bbox 1751 1009 2073 1093; x_wconf 88' lang='lat' dir='ltr'><strong>injuriam</strong></span> <span class='ocrx_word' id='word_1_10' title='bbox 2122 1009 2251 1075; x_wconf 87' lang='lat' dir='ltr'><strong>hoc</strong></span> <span class='ocrx_word' id='word_1_11' title='bbox 2275 1026 2427 1117; x_wconf 45' lang='lat' dir='ltr'><strong>gig-⁰}</strong></span> <span class='ocrx_word' id='word_1_12' title='bbox 2434 1025 2518 1064; x_wconf 79' lang='lat'><strong>1⁷⁰-</strong></span> 
     </span>
     <span class='ocr_line' id='line_1_3' title="bbox 383 1104 2497 1193; baseline 0.005 -29"><span class='ocrx_word' id='word_1_13' title='bbox 383 1111 566 1167; x_wconf 90' lang='lat' dir='ltr'><strong>esset</strong></span> <span class='ocrx_word' id='word_1_14' title='bbox 629 1104 851 1171; x_wconf 87' lang='lat' dir='ltr'><strong>facere</strong></span> <span class='ocrx_word' id='word_1_15' title='bbox 915 1116 1180 1185; x_wconf 87' lang='lat' dir='ltr'><strong>sancto,</strong></span> <span class='ocrx_word' id='word_1_16' title='bbox 1239 1109 1385 1193; x_wconf 90' lang='lat' dir='ltr'><strong>ejus</strong></span> <span class='ocrx_word' id='word_1_17' title='bbox 1447 1128 1655 1192; x_wconf 91' lang='lat' dir='ltr'><strong>opera</strong></span> <span class='ocrx_word' id='word_1_18' title='bbox 1713 1116 1858 1173; x_wconf 90' lang='lat' dir='ltr'><strong>tam</strong></span> <span class='ocrx_word' id='word_1_19' title='bbox 1920 1110 2253 1192; x_wconf 78' lang='lat' dir='ltr'><strong>praeclara</strong></span> <span class='ocrx_word' id='word_1_20' title='bbox 2276 1126 2497 1167; x_wconf 70' lang='lat' dir='ltr'><strong>s-Godno·</strong></span> 
     </span>
     <span class='ocr_line' id='line_1_4' title="bbox 383 1203 2251 1289; baseline 0.005 -26"><span class='ocrx_word' id='word_1_21' title='bbox 383 1203 510 1266; x_wconf 92' lang='lat' dir='ltr'><strong>sub</strong></span> <span class='ocrx_word' id='word_1_22' title='bbox 542 1203 813 1269; x_wconf 92' lang='lat' dir='ltr'><strong>silentio</strong></span> <span class='ocrx_word' id='word_1_23' title='bbox 845 1206 1217 1289; x_wconf 65' lang='lat' dir='ltr'><strong>praeterire.</strong></span> <span class='ocrx_word' id='word_1_24' title='bbox 1317 1206 1601 1272; x_wconf 83' lang='lat' dir='ltr'><strong>Amicus</strong></span> <span class='ocrx_word' id='word_1_25' title='bbox 1638 1208 1773 1271; x_wconf 89' lang='lat' dir='ltr'><strong>Dei</strong></span> <span class='ocrx_word' id='word_1_26' title='bbox 1803 1206 2143 1272; x_wconf 85' lang='lat' dir='ltr'><strong>Godricus</strong></span> <span class='ocrx_word' id='word_1_27' title='bbox 2178 1209 2251 1273; x_wconf 94' lang='lat' dir='ltr'><strong>in</strong></span> 
     </span>
     <span class='ocr_line' id='line_1_5' title="bbox 380 1302 2250 1390; baseline 0.003 -24"><span class='ocrx_word' id='word_1_28' title='bbox 380 1320 563 1384; x_wconf 85' lang='lat' dir='ltr'><strong>pago</strong></span> <span class='ocrx_word' id='word_1_29' title='bbox 595 1302 1140 1385; x_wconf 87' lang='lat' dir='ltr'><strong>Northfolkensi‚</strong></span> <span class='ocrx_word' id='word_1_30' title='bbox 1180 1313 1377 1390; x_wconf 89' lang='lat' dir='ltr'><strong>patre</strong></span> <span class='ocrx_word' id='word_1_31' title='bbox 1406 1305 1782 1385; x_wconf 85' lang='lat' dir='ltr'><strong>Ailwardo‚</strong></span> <span class='ocrx_word' id='word_1_32' title='bbox 1816 1308 2033 1371; x_wconf 86' lang='lat' dir='ltr'><strong>matre</strong></span> <span class='ocrx_word' id='word_1_33' title='bbox 2069 1307 2250 1372; x_wconf 86' lang='lat' dir='ltr'><strong>Ead-</strong></span> 
     </span>
     <span class='ocr_line' id='line_1_6' title="bbox 381 1406 2250 1490; baseline 0.004 -26"><span class='ocrx_word' id='word_1_34' title='bbox 381 1421 647 1480; x_wconf 83' lang='lat' dir='ltr'><strong>wenna,</strong></span> <span class='ocrx_word' id='word_1_35' title='bbox 690 1414 1080 1486; x_wconf 87' lang='lat' dir='ltr'><strong>generatus,</strong></span> <span class='ocrx_word' id='word_1_36' title='bbox 1117 1406 1310 1483; x_wconf 85' lang='lat' dir='ltr'><strong>villa,</strong></span> <span class='ocrx_word' id='word_1_37' title='bbox 1351 1425 1507 1489; x_wconf 78' lang='lat' dir='ltr'><strong>quae</strong></span> <span class='ocrx_word' id='word_1_38' title='bbox 1537 1406 1859 1488; x_wconf 88' lang='lat' dir='ltr'><strong>Walepol</strong></span> <span class='ocrx_word' id='word_1_39' title='bbox 1897 1408 2250 1490; x_wconf 86' lang='lat' dir='ltr'><strong>nuncupa-</strong></span> 
     </span>
     <span class='ocr_line' id='line_1_7' title="bbox 381 1503 2251 1588; baseline 0.005 -26"><span class='ocrx_word' id='word_1_40' title='bbox 381 1506 521 1579; x_wconf 88' lang='lat' dir='ltr'><strong>tur,</strong></span> <span class='ocrx_word' id='word_1_41' title='bbox 538 1521 581 1565; x_wconf 91' lang='lat' dir='ltr'><strong>a</strong></span> <span class='ocrx_word' id='word_1_42' title='bbox 609 1503 954 1585; x_wconf 78' lang='lat' dir='ltr'><strong>praedictis</strong></span> <span class='ocrx_word' id='word_1_43' title='bbox 981 1506 1380 1588; x_wconf 84' lang='lat' dir='ltr'><strong>parentibus</strong></span> <span class='ocrx_word' id='word_1_44' title='bbox 1409 1505 1737 1570; x_wconf 77' lang='lat' dir='ltr'><strong>educatus</strong></span> <span class='ocrx_word' id='word_1_45' title='bbox 1764 1512 1870 1570; x_wconf 89' lang='lat' dir='ltr'><strong>est</strong></span> <span class='ocrx_word' id='word_1_46' title='bbox 1903 1515 1974 1570; x_wconf 91' lang='lat' dir='ltr'><strong>et</strong></span> <span class='ocrx_word' id='word_1_47' title='bbox 2002 1506 2251 1571; x_wconf 86' lang='lat' dir='ltr'><strong>ibidem</strong></span> 
     </span>
     <span class='ocr_line' id='line_1_8' title="bbox 382 1601 2251 1688; baseline 0.004 -26"><span class='ocrx_word' id='word_1_48' title='bbox 382 1618 537 1663; x_wconf 91' lang='lat' dir='ltr'><strong>cum</strong></span> <span class='ocrx_word' id='word_1_49' title='bbox 579 1601 677 1666; x_wconf 91' lang='lat' dir='ltr'><strong>eis</strong></span> <span class='ocrx_word' id='word_1_50' title='bbox 715 1603 1137 1687; x_wconf 78' lang='lat' dir='ltr'><strong>aliquamdiu</strong></span> <span class='ocrx_word' id='word_1_51' title='bbox 1169 1611 1612 1669; x_wconf 86' lang='lat' dir='ltr'><strong>conversatus</strong></span> <span class='ocrx_word' id='word_1_52' title='bbox 1642 1626 1660 1686; x_wconf 89' lang='lat'>;</span> <span class='ocrx_word' id='word_1_53' title='bbox 1713 1605 1850 1683; x_wconf 92' lang='lat' dir='ltr'><strong>ubi,</strong></span> <span class='ocrx_word' id='word_1_54' title='bbox 1884 1606 2251 1688; x_wconf 81' lang='lat' dir='ltr'><strong>puerilibus</strong></span> 
     </span>
     <span class='ocr_line' id='line_1_9' title="bbox 385 1700 2249 1784; baseline 0.004 -21"><span class='ocrx_word' id='word_1_55' title='bbox 385 1700 584 1764; x_wconf 88' lang='lat' dir='ltr'><strong>annis</strong></span> <span class='ocrx_word' id='word_1_56' title='bbox 610 1702 1004 1769; x_wconf 87' lang='lat' dir='ltr'><strong>innocenter</strong></span> <span class='ocrx_word' id='word_1_57' title='bbox 1034 1705 1427 1781; x_wconf 77' lang='lat' dir='ltr'><strong>transactiS‚</strong></span> <span class='ocrx_word' id='word_1_58' title='bbox 1454 1712 1791 1769; x_wconf 88' lang='lat' dir='ltr'><strong>mercator</strong></span> <span class='ocrx_word' id='word_1_59' title='bbox 1820 1703 2126 1784; x_wconf 86' lang='lat' dir='ltr'><strong>efficitur,</strong></span> <span class='ocrx_word' id='word_1_60' title='bbox 2156 1714 2249 1784; x_wconf 86' lang='lat' dir='ltr'><strong>et,</strong></span> 
     </span>
     <span class='ocr_line' id='line_1_10' title="bbox 385 1801 2248 1886; baseline 0.003 -23"><span class='ocrx_word' id='word_1_61' title='bbox 385 1801 606 1881; x_wconf 86' lang='lat' dir='ltr'><strong>primo</strong></span> <span class='ocrx_word' id='word_1_62' title='bbox 663 1802 943 1867; x_wconf 88' lang='lat' dir='ltr'><strong>minoris</strong></span> <span class='ocrx_word' id='word_1_63' title='bbox 992 1804 1193 1886; x_wconf 90' lang='lat' dir='ltr'><strong>pretii</strong></span> <span class='ocrx_word' id='word_1_64' title='bbox 1254 1822 1512 1868; x_wconf 79' lang='lat' dir='ltr'><strong>merces</strong></span> <span class='ocrx_word' id='word_1_65' title='bbox 1568 1823 1921 1882; x_wconf 77' lang='lat' dir='ltr'><strong>exercenS,</strong></span> <span class='ocrx_word' id='word_1_66' title='bbox 1976 1805 2248 1870; x_wconf 88' lang='lat' dir='ltr'><strong>tandem</strong></span> 
     </span>
     <span class='ocr_line' id='line_1_11' title="bbox 383 1902 2252 1987; baseline 0.005 -26"><span class='ocrx_word' id='word_1_67' title='bbox 383 1916 540 1962; x_wconf 90' lang='lat' dir='ltr'><strong>cum</strong></span> <span class='ocrx_word' id='word_1_68' title='bbox 571 1902 774 1965; x_wconf 92' lang='lat' dir='ltr'><strong>sociis</strong></span> <span class='ocrx_word' id='word_1_69' title='bbox 803 1903 1291 1967; x_wconf 82' lang='lat' dir='ltr'><strong>mercatoribus</strong></span> <span class='ocrx_word' id='word_1_70' title='bbox 1327 1902 1666 1967; x_wconf 83' lang='lat' dir='ltr'><strong>nundinas</strong></span> <span class='ocrx_word' id='word_1_71' title='bbox 1708 1904 1921 1987; x_wconf 86' lang='lat' dir='ltr'><strong>coepit</strong></span> <span class='ocrx_word' id='word_1_72' title='bbox 1946 1906 2252 1986; x_wconf 86' lang='lat' dir='ltr'><strong>publicas</strong></span> 
     </span>
     <span class='ocr_line' id='line_1_12' title="bbox 387 2001 2253 2085; baseline 0.003 -24"><span class='ocrx_word' id='word_1_73' title='bbox 387 2017 729 2065; x_wconf 83' lang='lat' dir='ltr'><strong>exercere.</strong></span> <span class='ocrx_word' id='word_1_74' title='bbox 833 2001 973 2066; x_wconf 92' lang='lat' dir='ltr'><strong>Hic</strong></span> <span class='ocrx_word' id='word_1_75' title='bbox 1005 2002 1116 2066; x_wconf 90' lang='lat' dir='ltr'><strong>die</strong></span> <span class='ocrx_word' id='word_1_76' title='bbox 1156 2001 1476 2085; x_wconf 89' lang='lat' dir='ltr'><strong>quodam,</strong></span> <span class='ocrx_word' id='word_1_77' title='bbox 1526 2021 1678 2066; x_wconf 90' lang='lat' dir='ltr'><strong>cum</strong></span> <span class='ocrx_word' id='word_1_78' title='bbox 1721 2003 1795 2066; x_wconf 91' lang='lat' dir='ltr'><strong>in</strong></span> <span class='ocrx_word' id='word_1_79' title='bbox 1843 2004 2069 2067; x_wconf 89' lang='lat' dir='ltr'><strong>arenis</strong></span> <span class='ocrx_word' id='word_1_80' title='bbox 2106 2024 2253 2069; x_wconf 88' lang='lat' dir='ltr'><strong>ma-</strong></span> 
     </span>
     <span class='ocr_line' id='line_1_13' title="bbox 389 2096 2253 2185; baseline 0.004 -26"><span class='ocrx_word' id='word_1_81' title='bbox 389 2096 636 2162; x_wconf 86' lang='lat' dir='ltr'><strong>ritimis</strong></span> <span class='ocrx_word' id='word_1_82' title='bbox 681 2100 870 2166; x_wconf 92' lang='lat' dir='ltr'><strong>solus</strong></span> <span class='ocrx_word' id='word_1_83' title='bbox 908 2101 1311 2179; x_wconf 89' lang='lat' dir='ltr'><strong>ambularet,</strong></span> <span class='ocrx_word' id='word_1_84' title='bbox 1362 2109 1502 2166; x_wconf 90' lang='lat' dir='ltr'><strong>tres</strong></span> <span class='ocrx_word' id='word_1_85' title='bbox 1554 2102 1626 2166; x_wconf 92' lang='lat' dir='ltr'><strong>in</strong></span> <span class='ocrx_word' id='word_1_86' title='bbox 1676 2102 1858 2168; x_wconf 88' lang='lat' dir='ltr'><strong>sicco</strong></span> <span class='ocrx_word' id='word_1_87' title='bbox 1906 2101 2253 2185; x_wconf 89' lang='lat' dir='ltr'><strong>delphines</strong></span> 
     </span>
     <span class='ocr_line' id='line_1_14' title="bbox 389 2198 2257 2285; baseline 0.002 -23"><span class='ocrx_word' id='word_1_88' title='bbox 389 2198 675 2276; x_wconf 88' lang='lat' dir='ltr'><strong>invenit,</strong></span> <span class='ocrx_word' id='word_1_89' title='bbox 709 2220 997 2285; x_wconf 89' lang='lat' dir='ltr'><strong>quorum</strong></span> <span class='ocrx_word' id='word_1_90' title='bbox 1026 2200 1289 2266; x_wconf 91' lang='lat' dir='ltr'><strong>duobus</strong></span> <span class='ocrx_word' id='word_1_91' title='bbox 1317 2200 1540 2265; x_wconf 85' lang='lat' dir='ltr'><strong>adhuc</strong></span> <span class='ocrx_word' id='word_1_92' title='bbox 1569 2200 2090 2284; x_wconf 75' lang='lat' dir='ltr'><strong>palpitantibus,</strong></span> <span class='ocrx_word' id='word_1_93' title='bbox 2123 2209 2257 2266; x_wconf 89' lang='lat' dir='ltr'><strong>ter-</strong></span> 
     </span>
     <span class='ocr_line' id='line_1_15' title="bbox 389 2298 2255 2384; baseline 0.003 -24"><span class='ocrx_word' id='word_1_94' title='bbox 389 2298 529 2361; x_wconf 88' lang='lat' dir='ltr'><strong>tius</strong></span> <span class='ocrx_word' id='word_1_95' title='bbox 571 2306 877 2365; x_wconf 90' lang='lat' dir='ltr'><strong>mortuus</strong></span> <span class='ocrx_word' id='word_1_96' title='bbox 918 2302 1314 2384; x_wconf 83' lang='lat' dir='ltr'><strong>apparebat.</strong></span> <span class='ocrx_word' id='word_1_97' title='bbox 1418 2300 1549 2365; x_wconf 91' lang='lat' dir='ltr'><strong>Ille</strong></span> <span class='ocrx_word' id='word_1_98' title='bbox 1590 2309 1818 2364; x_wconf 89' lang='lat' dir='ltr'><strong>motus</strong></span> <span class='ocrx_word' id='word_1_99' title='bbox 1861 2301 2120 2383; x_wconf 88' lang='lat' dir='ltr'><strong>pietate</strong></span> <span class='ocrx_word' id='word_1_100' title='bbox 2155 2303 2255 2366; x_wconf 84' lang='lat' dir='ltr'><strong>vi-</strong></span> 
     </span>
     <span class='ocr_line' id='line_1_16' title="bbox 390 2399 2254 2483; baseline 0.003 -22"><span class='ocrx_word' id='word_1_101' title='bbox 390 2404 630 2462; x_wconf 78' lang='lat' dir='ltr'><strong>ventes</strong></span> <span class='ocrx_word' id='word_1_102' title='bbox 690 2400 963 2483; x_wconf 90' lang='lat' dir='ltr'><strong>reliquit</strong></span> <span class='ocrx_word' id='word_1_103' title='bbox 1014 2401 1333 2478; x_wconf 88' lang='lat' dir='ltr'><strong>intactos,</strong></span> <span class='ocrx_word' id='word_1_104' title='bbox 1394 2407 1465 2464; x_wconf 91' lang='lat' dir='ltr'><strong>et</strong></span> <span class='ocrx_word' id='word_1_105' title='bbox 1522 2399 1606 2464; x_wconf 89' lang='lat' dir='ltr'><strong>de</strong></span> <span class='ocrx_word' id='word_1_106' title='bbox 1658 2407 1930 2465; x_wconf 91' lang='lat' dir='ltr'><strong>mortuo</strong></span> <span class='ocrx_word' id='word_1_107' title='bbox 1990 2402 2254 2483; x_wconf 83' lang='lat' dir='ltr'><strong>partem</strong></span> 
     </span>
     <span class='ocr_line' id='line_1_17' title="bbox 385 2499 2256 2580; baseline 0.003 -20"><span class='ocrx_word' id='word_1_108' title='bbox 385 2515 662 2562; x_wconf 90' lang='lat' dir='ltr'><strong>sumens</strong></span> <span class='ocrx_word' id='word_1_109' title='bbox 704 2507 993 2564; x_wconf 90' lang='lat' dir='ltr'><strong>onustus</strong></span> <span class='ocrx_word' id='word_1_110' title='bbox 1037 2501 1363 2580; x_wconf 89' lang='lat' dir='ltr'><strong>recessit;</strong></span> <span class='ocrx_word' id='word_1_111' title='bbox 1409 2499 1553 2577; x_wconf 90' lang='lat' dir='ltr'><strong>sed,</strong></span> <span class='ocrx_word' id='word_1_112' title='bbox 1585 2499 1908 2564; x_wconf 90' lang='lat' dir='ltr'><strong>fluctibus</strong></span> <span class='ocrx_word' id='word_1_113' title='bbox 1935 2501 2256 2565; x_wconf 61' lang='lat' dir='ltr'><strong>maris‘de</strong></span> 
     </span>
     <span class='ocr_line' id='line_1_18' title="bbox 386 2599 2255 2683; baseline 0.003 -24"><span class='ocrx_word' id='word_1_114' title='bbox 386 2616 572 2662; x_wconf 92' lang='lat' dir='ltr'><strong>more</strong></span> <span class='ocrx_word' id='word_1_115' title='bbox 633 2599 1153 2677; x_wconf 86' lang='lat' dir='ltr'><strong>revertentibus,</strong></span> <span class='ocrx_word' id='word_1_116' title='bbox 1215 2600 1435 2683; x_wconf 86' lang='lat' dir='ltr'><strong>primo</strong></span> <span class='ocrx_word' id='word_1_117' title='bbox 1504 2599 1714 2680; x_wconf 86' lang='lat' dir='ltr'><strong>pedes</strong></span> <span class='ocrx_word' id='word_1_118' title='bbox 1776 2606 1847 2663; x_wconf 92' lang='lat' dir='ltr'><strong>et</strong></span> <span class='ocrx_word' id='word_1_119' title='bbox 1910 2599 2112 2664; x_wconf 86' lang='lat' dir='ltr'><strong>tibias</strong></span> <span class='ocrx_word' id='word_1_120' title='bbox 2184 2608 2255 2665; x_wconf 91' lang='lat' dir='ltr'><strong>et</strong></span> 
     </span>
     <span class='ocr_line' id='line_1_19' title="bbox 383 2697 2254 2783; baseline 0.002 -22"><span class='ocrx_word' id='word_1_121' title='bbox 383 2697 654 2762; x_wconf 91' lang='lat' dir='ltr'><strong>demum</strong></span> <span class='ocrx_word' id='word_1_122' title='bbox 698 2699 987 2783; x_wconf 83' lang='lat' dir='ltr'><strong>abyssus</strong></span> <span class='ocrx_word' id='word_1_123' title='bbox 1034 2707 1243 2782; x_wconf 89' lang='lat' dir='ltr'><strong>caput</strong></span> <span class='ocrx_word' id='word_1_124' title='bbox 1298 2698 1449 2783; x_wconf 88' lang='lat' dir='ltr'><strong>ejus</strong></span> <span class='ocrx_word' id='word_1_125' title='bbox 1502 2698 1813 2763; x_wconf 82' lang='lat' dir='ltr'><strong>vallavit.</strong></span> <span class='ocrx_word' id='word_1_126' title='bbox 1914 2698 2254 2764; x_wconf 87' lang='lat' dir='ltr'><strong>Godricus</strong></span> 
     </span>
     <span class='ocr_line' id='line_1_20' title="bbox 387 2797 2248 2879; baseline 0.001 -18"><span class='ocrx_word' id='word_1_127' title='bbox 387 2805 619 2861; x_wconf 88' lang='lat' dir='ltr'><strong>autem</strong></span> <span class='ocrx_word' id='word_1_128' title='bbox 664 2797 860 2863; x_wconf 82' lang='lat' dir='ltr'><strong>sortis</strong></span> <span class='ocrx_word' id='word_1_129' title='bbox 908 2799 983 2863; x_wconf 91' lang='lat' dir='ltr'><strong>in</strong></span> <span class='ocrx_word' id='word_1_130' title='bbox 1035 2797 1166 2861; x_wconf 85' lang='lat' dir='ltr'><strong>fide</strong></span> <span class='ocrx_word' id='word_1_131' title='bbox 1219 2804 1290 2862; x_wconf 92' lang='lat' dir='ltr'><strong>et</strong></span> <span class='ocrx_word' id='word_1_132' title='bbox 1332 2799 1459 2861; x_wconf 91' lang='lat' dir='ltr'><strong>sub</strong></span> <span class='ocrx_word' id='word_1_133' title='bbox 1509 2798 1706 2879; x_wconf 88' lang='lat' dir='ltr'><strong>aquis</strong></span> <span class='ocrx_word' id='word_1_134' title='bbox 1759 2798 2015 2862; x_wconf 90' lang='lat' dir='ltr'><strong>diutius</strong></span> <span class='ocrx_word' id='word_1_135' title='bbox 2063 2799 2248 2863; x_wconf 90' lang='lat' dir='ltr'><strong>ince-</strong></span> 
     </span>
     <span class='ocr_line' id='line_1_21' title="bbox 388 2897 2252 2982; baseline 0.002 -21"><span class='ocrx_word' id='word_1_136' title='bbox 388 2897 583 2975; x_wconf 87' lang='lat' dir='ltr'><strong>dens,</strong></span> <span class='ocrx_word' id='word_1_137' title='bbox 630 2898 925 2964; x_wconf 92' lang='lat' dir='ltr'><strong>Domino</strong></span> <span class='ocrx_word' id='word_1_138' title='bbox 980 2897 1292 2976; x_wconf 86' lang='lat' dir='ltr'><strong>ducente,</strong></span> <span class='ocrx_word' id='word_1_139' title='bbox 1347 2898 1437 2962; x_wconf 90' lang='lat' dir='ltr'><strong>ad</strong></span> <span class='ocrx_word' id='word_1_140' title='bbox 1476 2898 1730 2963; x_wconf 89' lang='lat' dir='ltr'><strong>siccum</strong></span> <span class='ocrx_word' id='word_1_141' title='bbox 1759 2897 2114 2982; x_wconf 78' lang='lat' dir='ltr'><strong>pervenit,</strong></span> <span class='ocrx_word' id='word_1_142' title='bbox 2158 2906 2252 2977; x_wconf 88' lang='lat' dir='ltr'><strong>et,</strong></span> 
     </span>
     <span class='ocr_line' id='line_1_22' title="bbox 389 2997 2252 3082; baseline 0.001 -20"><span class='ocrx_word' id='word_1_143' title='bbox 389 2999 790 3081; x_wconf 85' lang='lat' dir='ltr'><strong>parentibus</strong></span> <span class='ocrx_word' id='word_1_144' title='bbox 839 2999 1023 3082; x_wconf 89' lang='lat' dir='ltr'><strong>pisce</strong></span> <span class='ocrx_word' id='word_1_145' title='bbox 1072 2997 1258 3074; x_wconf 87' lang='lat' dir='ltr'><strong>dato,</strong></span> <span class='ocrx_word' id='word_1_146' title='bbox 1310 3004 1560 3062; x_wconf 86' lang='lat' dir='ltr'><strong>cuncta</strong></span> <span class='ocrx_word' id='word_1_147' title='bbox 1608 3017 1764 3081; x_wconf 82' lang='lat' dir='ltr'><strong>quae</strong></span> <span class='ocrx_word' id='word_1_148' title='bbox 1817 2998 1946 3061; x_wconf 90' lang='lat' dir='ltr'><strong>sibi</strong></span> <span class='ocrx_word' id='word_1_149' title='bbox 1991 2998 2252 3063; x_wconf 90' lang='lat' dir='ltr'><strong>accide-</strong></span> 
     </span>
     <span class='ocr_line' id='line_1_23' title="bbox 389 3097 2255 3163; baseline 0 -1"><span class='ocrx_word' id='word_1_150' title='bbox 389 3105 550 3163; x_wconf 90' lang='lat' dir='ltr'><strong>rant</strong></span> <span class='ocrx_word' id='word_1_151' title='bbox 601 3100 967 3163; x_wconf 84' lang='lat' dir='ltr'><strong>enarravit.</strong></span> <span class='ocrx_word' id='word_1_152' title='bbox 1068 3097 1347 3161; x_wconf 89' lang='lat' dir='ltr'><strong>Solebat</strong></span> <span class='ocrx_word' id='word_1_153' title='bbox 1398 3104 1625 3161; x_wconf 87' lang='lat' dir='ltr'><strong>autem</strong></span> <span class='ocrx_word' id='word_1_154' title='bbox 1669 3097 2011 3161; x_wconf 90' lang='lat' dir='ltr'><strong>interdum</strong></span> <span class='ocrx_word' id='word_1_155' title='bbox 2070 3097 2255 3162; x_wconf 91' lang='lat' dir='ltr'><strong>solus</strong></span> 
     </span>
     <span class='ocr_line' id='line_1_24' title="bbox 393 3196 2254 3280; baseline -0.001 -18"><span class='ocrx_word' id='word_1_156' title='bbox 393 3217 610 3280; x_wconf 87' lang='lat' dir='ltr'><strong>agens</strong></span> <span class='ocrx_word' id='word_1_157' title='bbox 684 3199 769 3263; x_wconf 89' lang='lat' dir='ltr'><strong>de</strong></span> <span class='ocrx_word' id='word_1_158' title='bbox 853 3197 1238 3261; x_wconf 67' lang='lat' dir='ltr'><strong>caelestibus</strong></span> <span class='ocrx_word' id='word_1_159' title='bbox 1319 3196 1631 3260; x_wconf 85' lang='lat' dir='ltr'><strong>meditari</strong></span> <span class='ocrx_word' id='word_1_160' title='bbox 1720 3204 1793 3261; x_wconf 90' lang='lat' dir='ltr'><strong>et</strong></span> <span class='ocrx_word' id='word_1_161' title='bbox 1880 3197 2254 3262; x_wconf 84' lang='lat' dir='ltr'><strong>orationem</strong></span> 
     </span>
     <span class='ocr_line' id='line_1_25' title="bbox 395 3296 2251 3380; baseline 0 -19"><span class='ocrx_word' id='word_1_162' title='bbox 395 3297 824 3363; x_wconf 87' lang='lat' dir='ltr'><strong>Dominicam</strong></span> <span class='ocrx_word' id='word_1_163' title='bbox 866 3317 1020 3360; x_wconf 89' lang='lat' dir='ltr'><strong>cum</strong></span> <span class='ocrx_word' id='word_1_164' title='bbox 1061 3296 1371 3380; x_wconf 82' lang='lat' dir='ltr'><strong>symbolo</strong></span> <span class='ocrx_word' id='word_1_165' title='bbox 1411 3296 1832 3379; x_wconf 88' lang='lat' dir='ltr'><strong>frequentius</strong></span> <span class='ocrx_word' id='word_1_166' title='bbox 1865 3298 2251 3366; x_wconf 83' lang='lat' dir='ltr'><strong>ruminare.</strong></span> 
     </span>
     <span class='ocr_line' id='line_1_26' title="bbox 390 3395 2252 3478; baseline 0 -17"><span class='ocrx_word' id='word_1_167' title='bbox 390 3397 720 3461; x_wconf 88' lang='lat' dir='ltr'><strong>Sanctum</strong></span> <span class='ocrx_word' id='word_1_168' title='bbox 751 3395 1097 3461; x_wconf 87' lang='lat' dir='ltr'><strong>Andream</strong></span> <span class='ocrx_word' id='word_1_169' title='bbox 1125 3397 1197 3459; x_wconf 90' lang='lat' dir='ltr'><strong>in</strong></span> <span class='ocrx_word' id='word_1_170' title='bbox 1225 3395 1457 3460; x_wconf 89' lang='lat' dir='ltr'><strong>Scotia</strong></span> <span class='ocrx_word' id='word_1_171' title='bbox 1500 3397 1830 3460; x_wconf 86' lang='lat' dir='ltr'><strong>orationis</strong></span> <span class='ocrx_word' id='word_1_172' title='bbox 1871 3397 2098 3478; x_wconf 87' lang='lat' dir='ltr'><strong>gratia</strong></span> <span class='ocrx_word' id='word_1_173' title='bbox 2137 3398 2252 3461; x_wconf 90' lang='lat' dir='ltr'><strong>de-</strong></span> 
     </span>
     <span class='ocr_line' id='line_1_27' title="bbox 388 3494 2250 3580; baseline -0.001 -19"><span class='ocrx_word' id='word_1_174' title='bbox 388 3506 594 3561; x_wconf 78' lang='lat' dir='ltr'><strong>votus</strong></span> <span class='ocrx_word' id='word_1_175' title='bbox 637 3495 904 3580; x_wconf 80' lang='lat' dir='ltr'><strong>petivit,</strong></span> <span class='ocrx_word' id='word_1_176' title='bbox 948 3515 1072 3560; x_wconf 92' lang='lat' dir='ltr'><strong>nec</strong></span> <span class='ocrx_word' id='word_1_177' title='bbox 1105 3494 1351 3558; x_wconf 89' lang='lat' dir='ltr'><strong>minori</strong></span> <span class='ocrx_word' id='word_1_178' title='bbox 1397 3495 1762 3560; x_wconf 85' lang='lat' dir='ltr'><strong>devotione</strong></span> <span class='ocrx_word' id='word_1_179' title='bbox 1809 3495 2059 3560; x_wconf 90' lang='lat' dir='ltr'><strong>ductus</strong></span> <span class='ocrx_word' id='word_1_180' title='bbox 2110 3496 2250 3560; x_wconf 85' lang='lat' dir='ltr'><strong>Ro-</strong></span> 
     </span>
     <span class='ocr_line' id='line_1_28' title="bbox 385 3593 2247 3679; baseline -0.001 -18"><span class='ocrx_word' id='word_1_181' title='bbox 385 3616 568 3661; x_wconf 85' lang='lat' dir='ltr'><strong>mam</strong></span> <span class='ocrx_word' id='word_1_182' title='bbox 606 3595 948 3679; x_wconf 83' lang='lat' dir='ltr'><strong>perrexit;</strong></span> <span class='ocrx_word' id='word_1_183' title='bbox 996 3595 1149 3659; x_wconf 91' lang='lat' dir='ltr'><strong>inde</strong></span> <span class='ocrx_word' id='word_1_184' title='bbox 1182 3593 1453 3658; x_wconf 90' lang='lat' dir='ltr'><strong>demum</strong></span> <span class='ocrx_word' id='word_1_185' title='bbox 1495 3614 1809 3659; x_wconf 83' lang='lat' dir='ltr'><strong>reversus</strong></span> <span class='ocrx_word' id='word_1_186' title='bbox 1846 3595 2247 3678; x_wconf 87' lang='lat' dir='ltr'><strong>quibusdam</strong></span> 
     </span>
     <span class='ocr_line' id='line_1_29' title="bbox 387 3694 2247 3779; baseline -0.001 -19"><span class='ocrx_word' id='word_1_187' title='bbox 387 3696 929 3779; x_wconf 86' lang='lat' dir='ltr'><strong>negotiatoribus</strong></span> <span class='ocrx_word' id='word_1_188' title='bbox 972 3694 1337 3778; x_wconf 81' lang='lat' dir='ltr'><strong>adJunctus</strong></span> <span class='ocrx_word' id='word_1_189' title='bbox 1381 3701 1486 3758; x_wconf 89' lang='lat' dir='ltr'><strong>est</strong></span> <span class='ocrx_word' id='word_1_190' title='bbox 1530 3700 1599 3757; x_wconf 90' lang='lat' dir='ltr'><strong>et</strong></span> <span class='ocrx_word' id='word_1_191' title='bbox 1645 3713 1800 3757; x_wconf 90' lang='lat' dir='ltr'><strong>cum</strong></span> <span class='ocrx_word' id='word_1_192' title='bbox 1843 3695 1943 3757; x_wconf 90' lang='lat' dir='ltr'><strong>eis</strong></span> <span class='ocrx_word' id='word_1_193' title='bbox 1977 3695 2247 3776; x_wconf 85' lang='lat' dir='ltr'><strong>navigio</strong></span> 
     </span>
     <span class='ocr_line' id='line_1_30' title="bbox 385 3791 2248 3879; baseline -0.002 -19"><span class='ocrx_word' id='word_1_194' title='bbox 385 3814 753 3879; x_wconf 80' lang='lat' dir='ltr'><strong>aggressus</strong></span> <span class='ocrx_word' id='word_1_195' title='bbox 789 3802 897 3859; x_wconf 91' lang='lat' dir='ltr'><strong>est</strong></span> <span class='ocrx_word' id='word_1_196' title='bbox 927 3800 1401 3870; x_wconf 85' lang='lat' dir='ltr'><strong>mercaturam,</strong></span> <span class='ocrx_word' id='word_1_197' title='bbox 1442 3800 1512 3856; x_wconf 92' lang='lat' dir='ltr'><strong>et</strong></span> <span class='ocrx_word' id='word_1_198' title='bbox 1553 3791 1829 3858; x_wconf 89' lang='lat' dir='ltr'><strong>divitias</strong></span> <span class='ocrx_word' id='word_1_199' title='bbox 1876 3797 2248 3876; x_wconf 78' lang='lat' dir='ltr'><strong>congerens</strong></span> 
     </span>
     <span class='ocr_line' id='line_1_31' title="bbox 384 3892 2248 3975; baseline -0.002 -15"><span class='ocrx_word' id='word_1_200' title='bbox 384 3897 586 3960; x_wconf 91' lang='lat' dir='ltr'><strong>unius</strong></span> <span class='ocrx_word' id='word_1_201' title='bbox 618 3895 816 3960; x_wconf 83' lang='lat' dir='ltr'><strong>navis</strong></span> <span class='ocrx_word' id='word_1_202' title='bbox 850 3892 1198 3958; x_wconf 91' lang='lat' dir='ltr'><strong>dimidium</strong></span> <span class='ocrx_word' id='word_1_203' title='bbox 1233 3899 1303 3956; x_wconf 89' lang='lat' dir='ltr'><strong>et</strong></span> <span class='ocrx_word' id='word_1_204' title='bbox 1328 3892 1609 3957; x_wconf 89' lang='lat' dir='ltr'><strong>alterius</strong></span> <span class='ocrx_word' id='word_1_205' title='bbox 1637 3912 1723 3975; x_wconf 92' lang='lat' dir='ltr'><strong>qu</strong></span> <span class='ocrx_word' id='word_1_206' title='bbox 1731 3899 1951 3957; x_wconf 88' lang='lat' dir='ltr'><strong>artam</strong></span> <span class='ocrx_word' id='word_1_207' title='bbox 1985 3899 2248 3975; x_wconf 89' lang='lat' dir='ltr'><strong>partem</strong></span> 
     </span>
     <span class='ocr_line' id='line_1_32' title="bbox 381 3993 2249 4075; baseline -0.003 -15"><span class='ocrx_word' id='word_1_208' title='bbox 381 3995 695 4059; x_wconf 84' lang='lat' dir='ltr'><strong>habebat.</strong></span> <span class='ocrx_word' id='word_1_209' title='bbox 727 3999 733 4005; x_wconf 82' lang='lat'>&#39;</span> <span class='ocrx_word' id='word_1_210' title='bbox 800 3994 970 4057; x_wconf 88' lang='lat' dir='ltr'><strong>Erat</strong></span> <span class='ocrx_word' id='word_1_211' title='bbox 1000 4001 1229 4057; x_wconf 88' lang='lat' dir='ltr'><strong>autem</strong></span> <span class='ocrx_word' id='word_1_212' title='bbox 1255 4011 1537 4075; x_wconf 87' lang='lat' dir='ltr'><strong>corpore</strong></span> <span class='ocrx_word' id='word_1_213' title='bbox 1567 3994 1887 4057; x_wconf 89' lang='lat' dir='ltr'><strong>robustus</strong></span> <span class='ocrx_word' id='word_1_214' title='bbox 1923 3999 1992 4056; x_wconf 91' lang='lat' dir='ltr'><strong>et</strong></span> <span class='ocrx_word' id='word_1_215' title='bbox 2023 3993 2249 4055; x_wconf 92' lang='lat' dir='ltr'><strong>animo</strong></span> 
     </span>
     <span class='ocr_line' id='line_1_33' title="bbox 384 4089 2247 4175; baseline -0.003 -17"><span class='ocrx_word' id='word_1_216' title='bbox 384 4102 727 4172; x_wconf 88' lang='lat' dir='ltr'><strong>strenuus,</strong></span> <span class='ocrx_word' id='word_1_217' title='bbox 773 4093 951 4157; x_wconf 92' lang='lat' dir='ltr'><strong>unde</strong></span> <span class='ocrx_word' id='word_1_218' title='bbox 997 4112 1120 4175; x_wconf 89' lang='lat' dir='ltr'><strong>per</strong></span> <span class='ocrx_word' id='word_1_219' title='bbox 1161 4093 1471 4174; x_wconf 85' lang='lat' dir='ltr'><strong>regiones</strong></span> <span class='ocrx_word' id='word_1_220' title='bbox 1510 4092 1817 4157; x_wconf 82' lang='lat' dir='ltr'><strong>diversas</strong></span> <span class='ocrx_word' id='word_1_221' title='bbox 1859 4089 2247 4173; x_wconf 83' lang='lat' dir='ltr'><strong>navigando</strong></span> 
     </span>
     <span class='ocr_line' id='line_1_34' title="bbox 381 4192 2249 4273; baseline -0.003 -16"><span class='ocrx_word' id='word_1_222' title='bbox 381 4194 549 4259; x_wconf 84' lang='lat' dir='ltr'><strong>loca&#39;</strong></span> <span class='ocrx_word' id='word_1_223' title='bbox 578 4201 968 4258; x_wconf 87' lang='lat' dir='ltr'><strong>sanctorum</strong></span> <span class='ocrx_word' id='word_1_224' title='bbox 1011 4192 1229 4256; x_wconf 87' lang='lat' dir='ltr'><strong>multa</strong></span> <span class='ocrx_word' id='word_1_225' title='bbox 1251 4193 1579 4257; x_wconf 83' lang='lat' dir='ltr'><strong>visitabat</strong></span> <span class='ocrx_word' id='word_1_226' title='bbox 1621 4199 1691 4256; x_wconf 90' lang='lat' dir='ltr'><strong>et</strong></span> <span class='ocrx_word' id='word_1_227' title='bbox 1735 4212 1964 4257; x_wconf 91' lang='lat' dir='ltr'><strong>eorum</strong></span> <span class='ocrx_word' id='word_1_228' title='bbox 2010 4210 2083 4254; x_wconf 89' lang='lat' dir='ltr'><strong>se</strong></span> <span class='ocrx_word' id='word_1_229' title='bbox 2128 4207 2249 4273; x_wconf 89' lang='lat' dir='ltr'><strong>pa-</strong></span> 
     </span>
    </p>
   </div>
   <div class='ocr_carea' id='block_1_3' title="bbox 383 4292 1240 4358">
    <p class='ocr_par' dir='ltr' id='par_1_3' title="bbox 383 4292 1240 4358">
     <span class='ocr_line' id='line_1_35' title="bbox 383 4292 1240 4358; baseline -0.001 -1"><span class='ocrx_word' id='word_1_230' title='bbox 383 4294 672 4358; x_wconf 91' lang='lat' dir='ltr'><strong>trocinio</strong></span> <span class='ocrx_word' id='word_1_231' title='bbox 702 4292 1240 4358; x_wconf 64' lang='lat' dir='ltr'><strong>commendabat:</strong></span> 
     </span>
    </p>
   </div>
  </div>
 </body>
</html>
