3457 5887
998 838 1271 888 smnus
1315 839 1848 891 ms'ronunun.
2311 827 2357 893 9

492 994 749 1060 lissimo
798 1014 879 1059 ac
926 1002 1227 1073 strenuo,
1256 995 1601 1076 regionem
1634 995 1823 1059 illam
1876 996 1948 1060 in
1989 998 2172 1078 regis
2219 998 2352 1062 dis-
2378 1017 2487 1058 sn.
2509 1017 2622 1058 10⁷1.

490 1095 806 1177 pendium
868 1113 1006 1158 non
1064 1095 1490 1159 mediocriter
1549 1094 1988 1177 affligebant3
2049 1105 2352 1161 castrum

491 1213 761 1277 quoque
822 1193 1122 1275 ligneum
1172 1195 1244 1258 in
1299 1194 1465 1277 ipsis
1518 1193 1882 1277 paludibus
1946 1203 2352 1260 construxe-

491 1300 674 1370 runt,
713 1293 893 1375 quod
928 1312 1145 1375 usque
1188 1295 1261 1357 in
1306 1293 1702 1361 hodiernum
1744 1294 1922 1359 diem
1955 1301 1976 1329 ⁸
1997 1295 2352 1361 castellum

492 1391 923 1457 Herewardi’
949 1411 993 1456 a
1018 1393 1695 1475 comprovincialibus
1716 1402 2184 1477 nuncupatui-3
2215 1415 2352 1477 quo

494 1492 872 1573 divulgato,
903 1511 1021 1556 rex
1054 1491 1465 1569 Willelmus,
1509 1511 1662 1557 cum
1712 1494 2034 1558 universa
2073 1512 2219 1558 suae
2251 1494 2353 1557 di-

494 1591 699 1655 tionis
761 1590 1158 1656 fortitudine
1235 1590 1322 1655 ad
1395 1592 1686 1656 insulam
1752 1593 2053 1671 veniens,
2120 1593 2352 1658 navali

492 1708 642 1753 eam
700 1690 997 1772 pedestri
1062 1699 1132 1755 et
1194 1692 1490 1773 equestri
1549 1691 1788 1773 praelio
1857 1692 2349 1759 circumcinxit.

492 1788 761 1857 Deinde
786 1791 935 1855 vias
965 1790 1310 1855 immensae
1342 1791 1790 1871 longitudinis
1831 1792 1902 1855 in
1953 1792 2122 1874 ipsis
2155 1792 2350 1875 palu-

488 1887 688 1952 dibus
759 1895 830 1953 et
879 1897 1123 1971 pontes
1175 1888 1377 1954 valde
1423 1899 1861 1973 sumptuosos
1923 1899 2349 1968 construens,

489 1989 852 2069 voragines
900 1988 1272 2071 profundas
1326 1997 1397 2053 et
1427 2008 1721 2073 aquosas
1765 1991 2003 2055 bestiis
2037 2002 2108 2056 et
2139 1990 2350 2055 homi·

493 2086 696 2151 nibus
745 2087 1036 2151 reddidit
1071 2089 1537 2170 permeabiles,
1567 2097 1638 2153 et
1665 2090 2044 2164 castellum,
2084 2091 2152 2153 in
2197 2090 2350 2154 loco

494 2186 614 2267 qui
665 2185 1101 2250 Wisebecum
1149 2186 1422 2263 dicitur,
1471 2207 1515 2252 a
1567 2188 2025 2252 fundamentis
2088 2189 2347 2268 erexit;

494 2283 681 2365 quod
728 2304 879 2348 cum
940 2284 1312 2350 adversarii
1354 2285 1503 2369 ejus
1548 2288 2050 2368 cognovissent,
2096 2307 2351 2365 omne-⁶1,

494 2390 747 2464 praeter
793 2383 1015 2447 solum
1067 2381 1587 2462 Herewardum,
1628 2387 1751 2467 qui
1799 2387 2019 2451 socios
2062 2405 2224 2451 suos
2266 2388 2353 2451 ab

491 2482 716 2546 insula
743 2490 1060 2564 potenter
1079 2483 1344 2560 eduxit,
1370 2484 1457 2548 ad
1481 2504 1756 2549 manum
1779 2487 2153 2562 venientes,
2180 2485 2356 2550 Wil-

487 2581 691 2646 lelmo
744 2601 896 2646 sese
947 2590 1474 2664 praesentarunt,
1531 2583 1886 2667 quodlibet
1945 2584 2354 2667 supplicium

487 2681 794 2744 subituri.
896 2680 1092 2745 Tunc
1134 2701 1284 2758 rex,
1313 2682 1739 2764 Egelwinum
1788 2684 2182 2765 episcopum
2224 2685 2353 2748 sub

488 2779 799 2843 custodia
857 2779 1156 2858 tradens,
1230 2781 1515 2847 aliorum
1588 2783 1917 2865 quosdam
1989 2783 2351 2861 interfecit,

491 2878 824 2961 quosdam
872 2878 1180 2957 redemit,
1209 2888 1280 2945 et
1312 2881 1672 2947 nonnullos
1713 2889 2042 2965 perpetuo
2097 2883 2350 2948 carceri

496 2979 936 3059 mancipavit.
1039 2978 1110 3042 H
1117 2981 1500 3044 erewardus
1533 3000 1719 3058 vero,
1750 2982 2072 3063 quamdiu
2112 3001 2350 3064 super-

494 3076 647 3154 fuit,
681 3078 825 3158 regi
859 3077 1208 3144 Willelmo
1238 3080 1507 3160 paravit
1538 3080 1821 3144 insidias
1854 3081 2253 3162 exquisitas.

618 3251 754 3314 Rex
794 3250 1132 3315 Willebmus
1154 3250 1312 3336 roqis
1338 3251 1652 3314 Scotorum
1678 3248 2023 3335 homaqium
2050 3250 2224 3335 σφα.

585 3371 790 3438 Anno
832 3373 1111 3438 Domini
1144 3390 1441 3437 uLxxu.
1472 3393 1596 3437 rex
1623 3373 2012 3438 Willelmus
2049 3373 2350 3439 Scotiam
2375 3397 2483 3436 Aa).
2506 3397 2616 3437 10⁷2.

486 3471 826 3537 hostiliter
851 3473 1085 3537 adiens
1133 3474 1434 3555 speravit
1467 3473 1737 3556 aliquos
1767 3473 1860 3536 ibi
1894 3492 1979 3537 ex
2017 3474 2160 3537 suis
2191 3475 2348 3538 hos·
2373 3447 2640 3537 &m

489 3572 670 3635 tibus
729 3573 1052 3649 invenire,
1095 3572 1216 3636 sed
1261 3591 1414 3635 cum
1463 3573 1808 3654 regionem
1850 3571 2039 3636 illam
2084 3573 2348 3654 perlus-

488 3678 753 3756 trasset.
795 3679 867 3735 et
928 3671 1187 3736 nullum
1250 3672 1520 3754 penitus
1585 3672 1980 3748 invenisset,
2065 3680 2347 3754 accepto

492 3771 765 3834 tandem
806 3771 987 3852 regis
1034 3770 1391 3835 Scotorum
1434 3789 1587 3834 cum
1627 3770 1973 3835 obsidibus
2006 3769 2346 3853 homagio,

486 3869 577 3932 ad
618 3869 941 3951 Angliam
985 3871 1334 3937 remeavit.
1434 3868 1594 3933 Hoc
1642 3870 1848 3934 etiam
1887 3888 2068 3934 anno
2107 3863 2346 3952 ¹Egel-

486 3970 706 4033 winus
733 3970 1092 4051 episcopus
1119 3969 1620 4045 Dunelmensis,
1659 3968 1840 4051 apud
1873 3968 2342 4034 Westmonas·

472 4069 731 4136 ‚terium
773 4069 902 4132 sub
949 4068 1260 4132 custodia
1303 4069 1483 4149 regis
1529 4069 1868 4145 detentuS,
1902 4068 2072 4133 obiit
2116 4077 2186 4132 et
2215 4069 2341 4134 ibi-

485 4165 640 4231 dem
673 4167 742 4230 in
769 4168 1035 4250 porticu
1064 4168 1282 4231 sancti
1313 4167 1585 4232 Nicolai
1611 4167 1919 4250 sepultus
1943 4176 2071 4232 est.

555 4464 568 4494 ¹
596 4468 952 4533 Egelwinuu]
987 4470 1152 4520 rather
1180 4472 1195 4499 ‘
1214 4467 1507 4534 Egelricns,’
1531 4487 1589 4521 as
1610 4473 1861 4523 corrected
1883 4488 1946 4524 on
1968 4473 2051 4523 the
2073 4474 2283 4535 margin.
