3457 5887
906 1058 949 1097 Β

1096 1059 1144 1097 of

1222 821 1352 886 150
1714 839 1979 887 Rocmu
2029 839 2123 886 ns
2169 838 2575 888 wunnovsn

906 1007 1149 1108 &33⁹⁹-
1223 996 1443 1060 lorum
1489 996 1682 1060 Dens
1722 996 2154 1078 omnipotens
2199 1004 2306 1060 est
2348 1003 2419 1060 et
2465 1015 2588 1078 pro
2643 995 2743 1058 eis
2797 999 3077 1075 pugnat,

907 1109 1201 1149 mem-am
1224 1103 1348 1159 aut
1385 1101 1618 1159 noster
1662 1095 1860 1159 nobis
1897 1096 2116 1160 iratus
2155 1104 2261 1160 est
2295 1103 2365 1160 et
2399 1115 2526 1159 nos
2568 1093 2769 1157 nimis
2809 1100 3077 1156 austero

1225 1194 1451 1259 furore
1498 1194 1853 1276 redarguit
1895 1201 1965 1258 et
2010 1195 2329 1278 castigat.
2432 1192 2778 1276 Quicquid
2824 1191 3084 1254 contin-

1226 1300 1369 1376 get,
1409 1293 1540 1357 hoc
1577 1293 1732 1371 erit,
1763 1293 1946 1376 quod
1982 1294 2056 1357 in
2098 1312 2216 1358 eos
2250 1295 2474 1357 denuo
2508 1308 2643 1357 non
2686 1293 2938 1372 erigar,
2969 1289 3083 1352 sed

1227 1392 1316 1457 ad
1369 1392 1663 1474 patriam
1710 1411 1932 1456 meam
1982 1393 2498 1475 ignominiosus,
2556 1392 2774 1456 donec
2830 1390 3085 1464 vixero,

1229 1490 1577 1555 revertar?
1665 1491 1805 1555 His
1843 1492 2070 1569 dictis,
2114 1493 2426 1556 luctuose
2455 1491 2995 1574 conquerebatur
3020 1494 3088 1550 et

1228 1590 1734 1655 lamentabatur
1754 1591 2066 1672 suspiriis
2093 1589 2557 1675 lachrymosis.
2616 1589 2868 1653 Turcis
2887 1587 3091 1668 igitur

1229 1689 1463 1771 fugam
1497 1690 2007 1766 meditantibus,
2043 1708 2250 1772 eques
2292 1689 2568 1771 quidam
2609 1687 3090 1767 Lotharingus,

1233 1789 1351 1870 qui
1380 1788 1454 1852 in
1481 1789 1753 1870 agmine
1785 1796 2097 1852 extremo
2126 1809 2281 1853 cum
2308 1789 2481 1853 duce
2519 1796 2668 1851 erat
2697 1784 3088 1861 Godefrido‚

1234 1905 1279 1949 a
1310 1886 1638 1951 lateribus
1690 1887 2005 1970 equitans
2050 1888 2434 1951 libertatem
2480 1887 2664 1968 fugae
2703 1893 2775 1950 et
2817 1903 3091 1966 campos

1235 1985 1521 2050 abstulit
1573 2005 1864 2065 omnes3
1923 1986 2105 2051 unde
2167 1987 2300 2069 ipsi
2358 2005 2403 2050 a
2438 1986 2609 2050 duce
2664 1984 3089 2049 Normanno-

1235 2104 1410 2162 rum,
1459 2085 1579 2167 qui
1628 2087 1704 2149 in
1756 2086 1976 2169 prima
2021 2086 2170 2150 acie
2217 2092 2364 2150 erat
2422 2104 2576 2149 cum
2635 2084 2982 2167 equitibus
3021 2088 3087 2145 et

1238 2183 1642 2266 sagittariis,
1673 2185 2012 2267 penetrati
2045 2192 2115 2248 et
2147 2186 2232 2249 ab
2278 2185 2601 2248 extremis
2633 2183 2905 2259 inclusi,
2934 2181 3100 2245 caesi'

1241 2290 1404 2347 sunt
1444 2282 1531 2346 ad
1575 2284 1874 2347 fidelium
1916 2283 2338 2348 voluntatem
2375 2305 2394 2362 3
2455 2282 2931 2348 Admiravisus
2977 2300 3094 2343 au-

1242 2390 1382 2447 tem
1436 2401 1643 2464 super
1704 2382 2204 2446 dromedarium
2270 2381 2534 2465 positus
2595 2381 2838 2463 rapido
2894 2399 3094 2443 cursu

1241 2481 1391 2564 ejus
1419 2482 1664 2545 evasit.
1768 2480 2040 2545 Collata
2079 2483 2290 2563 igitur
2321 2481 2630 2545 fidelibus
2663 2481 2749 2543 de
2787 2481 3099 2563 supernis

1242 2579 1555 2656 victoria,
1585 2581 1656 2643 in
1693 2581 1990 2643 hostium
2023 2590 2250 2645 castra
2289 2588 2522 2644 noster
2562 2579 2876 2662 pervenit
2907 2598 3096 2642 exer·

1244 2680 1447 2755 citus,
1490 2679 1608 2742 ubi
1650 2687 1914 2743 tantam
1958 2681 2133 2756 auri,
2178 2680 2470 2761 argenti,
2513 2679 2722 2743 variae
2767 2678 3099 2760 supellec-

1246 2777 1387 2841 tilis
1422 2785 1494 2842 et
1522 2796 1967 2860 gemmarum,
2013 2778 2536 2860 divitiarumque
2569 2779 3102 2860 peregrinarum,

1247 2894 1534 2959 quarum
1584 2878 1886 2961 cognitio
1942 2877 2195 2941 nostris
2254 2877 2643 2960 regionibus
2691 2886 2797 2941 est
2844 2878 3102 2959 ignota,

1248 2976 1515 3058 copiam
1578 2977 1863 3054 invenit,
1924 2984 2001 3040 ut
2055 2996 2274 3060 usqne
2337 2978 2425 3040 ad
2484 2997 2811 3042 nauseam
2872 2977 3104 3040 satiati

1249 3074 1456 3139 mella
1495 3075 1884 3140 fastidirent
1915 3082 1985 3138 et
2027 3076 2403 3159 placenta&
2437 3084 2507 3141 et
2539 3077 2855 3140 minimus
2888 3077 3110 3139 dicere

1249 3175 1492 3256 possit,
1539 3168 1593 3209 ¹‘
1621 3176 1907 3258 Inopem
1947 3195 2057 3238 me
2106 3176 2307 3258 copia
2351 3174 2556 3239 fecit?
2664 3176 2835 3239 Dux
2882 3183 3108 3238 autem

1254 3273 1599 3338 Robertus
1657 3276 1822 3338 emit
1863 3274 2306 3339 standardum
2353 3276 2440 3339 ab
2478 3275 2587 3351 iis,
2621 3276 2739 3356 qui
2789 3274 2958 3338 illud
3007 3294 3108 3337 re-

1253 3373 1604 3437 tinuerunt
1653 3374 1816 3437 dum
1861 3374 1977 3438 ille
2038 3373 2271 3438 hostes
2317 3375 2809 3456 insequeretur,
2862 3372 3108 3453 viginti

1254 3472 1499 3535 marcis
1541 3472 1835 3553 argenti,
1873 3480 1944 3537 et
1986 3473 2187 3536 duxit
2225 3473 2393 3537 illud
2429 3472 2639 3556 juxta
2680 3471 3113 3554 sepulchrum

1258 3569 1539 3633 Domini
1568 3571 1656 3633 ad
1697 3579 2207 3635 monumentum
2238 3580 2380 3636 tam
2421 3572 2839 3635 memorandi
2879 3572 3117 3634 trium-

1255 3667 1411 3750 phi3
1464 3668 1641 3731 alius
1700 3688 1973 3752 quoque
2023 3689 2252 3735 ensem
2309 3670 2611 3754 ejusdem
2661 3669 2828 3733 emit
2874 3668 3116 3733 Admi-

1255 3766 1466 3830 ravisi
1507 3767 1826 3831 bizantiis
1875 3762 2383 3851 ’quadraginta
2484 3768 2599 3833 Sic
2646 3770 2880 3850 igitur,
2940 3768 3119 3850 fugi-

1259 3865 1529 3929 entibus
1574 3866 2007 3945 adversariiS‚
2058 3869 2286 3951 palma
2337 3869 2587 3932 nostris
2641 3868 2905 3931 caelitus
2956 3887 3119 3931 con-

1259 3982 1476 4040 cessa,
1520 3983 1671 4028 cum
1716 3967 1981 4047 ingenti
2026 3968 2279 4048 gaudio
2323 3967 2579 4031 reversi
2622 3973 2784 4029 sunt
2828 3968 2902 4029 in
2947 3965 3122 4028 Hie-

1257 4062 1576 4139 rusalem,
1636 4058 1987 4128 ⁸manibus
2048 4066 2313 4130 onerati
2376 4063 2677 4148 praedam
2741 4064 3123 4129 inauditam

1254 4180 1485 4225 secum
1523 4160 1894 4227 trahentes.

1210 4356 1213 4361 ¹
1327 4365 1344 4395 ¹
1369 4364 1608 4437 Inopem]
1632 4370 1789 4421 ovid.
1813 4372 1939 4421 Met.
1968 4372 2058 4421 lib.
2091 4372 2166 4421 iii.
2284 4368 2306 4401 ²
2331 4367 2727 4441 Quadraginta]
2765 4374 2782 4401 ‘
2805 4374 3082 4436 Sexaginta
3099 4368 3130 4433 ;’

1257 4452 1387 4488 ven.
1409 4443 1524 4489 ⁴66.
2220 4442 2441 4503 salarie,
2460 4458 2512 4504 p.
2531 4446 2640 4492 us.

2289 4508 2311 4539 ³
2329 4512 2602 4577 Man-iba]
2634 4514 2651 4541 ‘
2667 4507 2958 4574 Manubiis,'
2995 4513 3062 4561 C.
