3457 5887
897 840 1167 889 FLORRS
1214 840 1743 890 nisi-omasum
2156 824 2260 887 65·

371 996 795 1060 calamitates
839 1005 977 1060 tam
1024 995 1314 1060 fideliter
1356 1016 1560 1079 quam
1605 998 1976 1079 prudenter
2028 1019 2236 1081 expo-
2263 1012 2368 1052 Av-
2392 1015 2502 1052 ¹⁰⁹⁵·

369 1096 547 1159 suit:
593 1116 794 1178 quem
837 1115 1020 1179 papa
1058 1104 1470 1159 memoratus
1508 1097 1797 1177 benigne
1832 1099 2235 1180 suscipiens,

366 1213 441 1257 se
485 1193 751 1259 fidelem
803 1201 1309 1277 cooperatorem
1359 1194 1657 1259 futurum
1713 1215 2015 1276 congruo
2063 1205 2234 1260 tem·

367 1312 533 1375 pore
574 1295 977 1377 repromisit.
1052 1291 1150 1357 At
1182 1293 1454 1371 Petrus,
1498 1313 1766 1358 omnem
1811 1295 2230 1376 perlustrans

370 1391 670 1469 Italiam,
695 1392 906 1476 Alpes
927 1393 1201 1457 tandem
1224 1393 1663 1471 transcendit,
1685 1402 1757 1458 et
1778 1413 2012 1458 omnes
2043 1395 2230 1477 prin·

366 1492 551 1573 cipes
599 1492 1050 1557 occidentales
1106 1511 1258 1556 cum
1315 1494 1615 1556 maxima
1664 1493 2081 1557 sollicitabat
2123 1495 2227 1557 in-

365 1592 644 1667 stantia,
701 1612 785 1655 ne
831 1592 982 1656 loca
1032 1600 1295 1668 sancta,
1351 1610 1506 1673 quae
1563 1592 1902 1656 Dominus
1954 1594 2229 1675 propria

366 1688 686 1771 dignatus
724 1700 827 1756 est
868 1691 1210 1754 illustrare
1248 1691 1636 1774 praesentia,
1666 1691 2035 1755 infidelium
2076 1712 2230 1774 per-

365 1790 708 1854 mitterent
774 1791 1116 1873 spurcitiis
1173 1790 1431 1853 diutius
1485 1790 1883 1873 profanari3
1952 1810 2076 1854 nec
2126 1793 2227 1854 vi·

363 1907 509 1950 sum
562 1897 670 1952 est
705 1890 833 1952 sibi
880 1889 1008 1954 hoc
1052 1888 1380 1965 sufficere,
1421 1889 1550 1953 nisi
1601 1890 1810 1954 etiam
1857 1890 2113 1973 plebes,
2157 1899 2228 1954 et

361 1986 696 2051 inferioris
726 2007 968 2051 manus
1008 1988 1336 2065 homineS,
1370 1988 1456 2069 ad
1485 1990 1707 2071 ipsum
1735 1989 1867 2070 piis
1904 1988 2229 2053 exhorta-

360 2086 662 2149 tionibus
694 2088 1045 2150 auimaret.
1110 2087 1222 2151 Sic
1251 2087 1541 2170 denique
1572 2087 1931 2151 Heremita
1952 2088 2234 2164 PetruS,

363 2202 519 2247 cum
569 2185 829 2266 ingenti
874 2193 1286 2250 armatorum
1329 2186 1785 2264 multitudine,
1830 2206 2034 2269 quam
2082 2195 2226 2250 tum

362 2282 449 2345 de
492 2302 704 2364 regno
740 2283 1179 2360 Francorum,
1212 2291 1354 2347 tum
1400 2304 1487 2347 ex
1535 2285 1821 2367 imperio
1868 2286 2083 2350 multo
2125 2286 2229 2348 la-

361 2382 528 2444 bore
575 2390 1037 2461 contraxerat,
1081 2384 1428 2465 praedictae
1480 2403 1555 2446 se
1592 2384 1895 2467 jungens
1944 2385 2229 2459 militiae,

359 2498 530 2562 opus
562 2483 781 2546 crucis
811 2483 1303 2546 instantissime
1335 2481 1601 2547 studuit
1633 2502 2057 2565 promovere.

511 2630 609 2695 De
641 2631 978 2709 Gualcorio,
1008 2633 1117 2717 qui
1129 2632 1381 2716 primus
1408 2632 1529 2695 iter
1543 2629 2067 2716 pereyrimtionis

1132 2731 1435 2816 arripuit.

475 2853 678 2919 Anno
723 2855 1001 2920 Domini
1059 2873 1336 2933 naxon,
1377 2875 1611 2920 mense
1654 2855 1938 2932 Martio,
1981 2864 2224 2920 octavo
2249 2871 2484 2912 tto-¹⁰⁹⁶-

357 2955 471 3018 die
491 2955 759 3032 mensiS,
778 2949 1223 3033 ¹Gualterius,
1244 2963 1695 3039 cognomento
1715 2955 2103 3031 Sensavior,
2119 2940 2226 3019 vir
2245 2922 2453 3013 m.

357 3054 605 3118 nobilis
650 3062 720 3117 et
758 3063 1099 3131 strenuus,
1133 3075 1285 3119 cum
1329 3055 1591 3136 ingenti
1635 3055 2070 3118 multitudine
2106 3074 2224 3137 pe-

350 3153 678 3216 destrium
710 3161 1146 3230 armatorum,
1181 3162 1261 3217 ut
1288 3154 1405 3236 qui
1425 3173 1679 3237 paucos
1705 3153 2004 3218 habebat
2033 3155 2223 3235 equi-

354 3260 485 3328 tes,
519 3253 775 3334 primus
816 3253 1109 3317 omnium
1151 3272 1350 3316 cruce
1386 3253 1809 3335 signatorum
1856 3254 1988 3318 iter
2027 3272 2219 3334 pere·

352 3352 759 3433 grinationis
808 3352 1160 3433 arripiens,
1211 3370 1425 3433 regna
1490 3353 1949 3434 pertransiens
1991 3350 2217 3416 Theu-

352 3451 724 3515 tonicorum
756 3458 827 3513 et
862 3450 1372 3532 Hungarorum,
1400 3470 1616 3533 usque
1638 3451 1722 3514 ad
1747 3451 2028 3514 fluvium
2057 3450 2213 3514 Ma-

351 3570 470 3614 roc
505 3551 865 3631 pervenit3
915 3569 1050 3632 quo
1094 3551 1383 3615 transito
1426 3559 1497 3614 et
1544 3550 1999 3632 Bulgarorum
2044 3549 2212 3612 fines

348 3649 736 3730 ingrediens
780 3648 867 3712 ad
915 3649 1134 3712 locum
1163 3651 1376 3725 venit,
1407 3650 1525 3732 qui
1561 3649 1998 3730 Bellegravia
2040 3668 2213 3711 nun-

348 3755 663 3830 cupatur,
695 3748 810 3811 ubi
839 3748 1110 3830 quidam
1142 3749 1225 3812 de
1263 3749 1592 3813 comitatu
1625 3748 1775 3832 ejus
1803 3747 1986 3830 apud
2016 3740 2210 3811 'Ma-

349 3847 488 3910 lam
538 3847 794 3923 villam,
842 3848 991 3930 ipso
1051 3849 1435 3929 ignorante,
1501 3856 1580 3911 ut
1645 3848 1832 3911 cibos
1885 3854 2210 3923 emerent,

345 3955 798 4022 remanenteS,
860 3965 903 4009 a
948 3947 1267 4028 Bulgaris
1313 3945 1801 4028 comprehensi,
1847 3946 2087 4009 nudati
2143 3954 2214 4009 et

345 4046 741 4109 verberibus
768 4044 1023 4121 afflicti,
1053 4045 1299 4109 ablatis
1326 4046 1661 4120 omnibus,
1689 4044 1777 4108 ad
1804 4045 2026 4108 socios
2051 4052 2214 4107 sunt

345 4144 637 4208 remissi.
749 4143 1146 4208 Gualterius
1198 4145 1410 4226 igitur
1450 4163 1494 4206 a
1538 4144 1707 4206 duce
1755 4142 2210 4223 Bulgarorum

420 4324 434 4354 ¹
458 4329 1255 4427 Gmumu...Sennvio‘u-;]can-
1303 4333 1437 4377 ment
1452 4322 1481 4385 ς’
1511 4328 1649 4390 Holy
1669 4328 1865 4389 Warre,
1886 4332 2031 4389 1651,
2053 4344 2105 4390 p.
2129 4332 2211 4376 51.

344 4397 412 4446 ed
434 4399 591 4446 also‘
608 4394 926 4461 Sans-avoir}
948 4414 1003 4448 or
1030 4399 1255 4447 ‘Walter
1371 4395 1608 4446 'Melan
1649 4398 1832 4459 willon,
1854 4398 1877 4460 ]
1925 4413 1982 4445 or
2025 4396 2211 4445 Semlin

344 4466 433 4515 the
472 4464 773 4527 Pennilesss
791 4468 1122 4529 accordingto
1138 4468 1255 4516 Ful·
1303 4483 1436 4529 upon
1458 4467 1542 4517 the
1557 4468 1807 4527 Danube,
1841 4481 1924 4515 see
1949 4465 2212 4526 micham,

343 4537 439 4592 ler.
458 4552 549 4585 one
570 4537 713 4585 ‘who
728 4538 973 4587 hadmore
987 4538 1045 4587 of
1059 4537 1143 4586 the
1160 4537 1254 4586 sail
1306 4537 1443 4587 Hist.
1477 4537 1566 4586 des
1588 4502 1879 4597 Croimi’ea,
1908 4540 2054 4597 1825,
2085 4536 2121 4584 i.
2158 4549 2210 4595 p.

341 4605 404 4655 of
420 4605 595 4655 valour
614 4605 733 4655 than
745 4607 828 4656 the
842 4608 1004 4656 balast
1018 4606 1256 4669 ofjudge·
1308 4610 1418 4656 141.

450 4696 606 4744 VOL.
639 4697 713 4745 11.
1881 4697 1917 4742 Β
