3457 5887
873 782 1149 831 FLORBS
1194 781 1727 832 ms‘ronmnuu.
2095 752 2224 835 33³⁷

349 940 640 1024 praefato
700 939 1210 1024 archiepiscopo
1258 942 1736 1007 concedendas
1800 942 2017 1006 eidem
2079 946 2226 1027 regi
2251 959 2359 1002 ω.
2380 959 2490 998 mv.

352 1041 835 1118 concessimus,
899 1041 1083 1118 licet,
1146 1047 1510 1125 antequam
1570 1042 2057 1106 inclinaremur
2135 1043 2223 1108 ad

349 1158 784 1218 consensum,
828 1139 1051 1207 nuntii
1100 1141 1251 1224 ejus
1299 1141 1495 1204 nobis
1543 1141 1617 1206 in
1660 1142 1870 1206 verbo
1914 1143 2225 1208 veritatis

320 1239 808 1322 [promiserunt
862 1247 933 1303 et
998 1258 1204 1322 super
1257 1239 1385 1304 hoc
1431 1240 1894 1324 juramentum
1957 1242 2223 1307 obtule-

352 1346 536 1416 runt,
601 1339 783 1421 quod
845 1357 1191 1422 nunquam
1252 1339 1400 1403 sine
1453 1339 1807 1404 voluntate
1855 1349 2087 1406 vestra
2140 1342 2224 1407 li-

354 1445 522 1502 terae
555 1438 970 1503 Eboracensi
1006 1437 1516 1521 archiepiscopo
1549 1438 2036 1504 redderentur!
2137 1441 2224 1505 In

355 1537 508 1601 aliis
552 1545 781 1602 autem
819 1538 1037 1602 literis
1077 1538 1223 1601 suis
1261 1537 1439 1602 idem
1473 1557 1654 1622 papa
1694 1538 1882 1603 dedit
1920 1540 1992 1603 in
2034 1559 2224 1604 man-

353 1637 535 1700 datis
576 1637 1084 1720 archiepiscopo
1126 1644 1527 1715 memorato,
1572 1639 1644 1702 in
1686 1639 1942 1703 virtute
1985 1640 2225 1722 praeci-

355 1737 549 1819 piens
582 1736 1008 1813 obedientiae,
1042 1756 1127 1801 ne
1157 1736 1230 1800 in
1259 1737 1485 1819 ipsum
1516 1756 1747 1819 regem
1776 1743 1898 1802 aut
1940 1757 2226 1821 regnum

357 1836 533 1920 ejus,
577 1836 688 1900 vel
739 1855 1064 1920 personas
1117 1837 1331 1916 regni,
1383 1837 1732 1901 interdicti
1779 1855 1903 1900 seu
1951 1857 2227 1903 excom-

357 1935 841 2000 municationis
897 1935 1007 2000 vel
1076 1936 1541 2018 suspensionis
1601 1936 2010 2000 sententiam
2068 1958 2227 2020 pro-

359 2034 725 2116 mulgaret,
773 2034 906 2099 nisi
951 2033 1132 2098 idem
1185 2054 1309 2098 rex
1351 2036 1424 2099 in
1477 2054 1606 2099 sua
1657 2035 2032 2119 pertinacia
2079 2055 2231 2119 per-

359 2152 687 2198 severans
726 2140 889 2198 ante
928 2133 1198 2198 initium
1241 2133 1807 2220 Quadragesimae
1848 2135 1979 2198 sibi
2022 2137 2235 2217 grati-

363 2252 477 2297 am
538 2251 730 2296 suam
782 2251 916 2297 non
969 2232 1282 2298 redderet
1339 2241 1411 2298 et
1462 2234 1644 2319 bona
1694 2234 1925 2297 omnia
1980 2234 2110 2299 sibi
2165 2242 2237 2298 et

361 2332 507 2395 suis
562 2332 973 2411 restitueret,
1012 2332 1257 2396 animae
1307 2351 1451 2396 suae
1501 2333 1725 2397 salute
1781 2339 1851 2396 et
1892 2334 2087 2415 regni
2128 2334 2237 2398 sui

363 2432 675 2496 similiter
711 2438 780 2496 et
814 2430 1160 2496 haeredum
1203 2451 1482 2497 suorum
1521 2440 1856 2517 perpetua
1898 2433 2238 2518 tranquil-

354 2531 572 2597 litatea

459 2706 556 2771 De
582 2706 892 2790 martyrio
924 2705 1143 2769 montis
1174 2703 1337 2769 beati
1374 2705 1633 2785 Thomae,
1670 2707 2136 2773 omum-imis

1060 2803 1522 2890 archispiscopi.

468 2928 627 2994 Hoc
669 2926 883 3011 igitur
935 2926 1394 2992 tribulationis
1445 2928 1606 3009 igne
1661 2936 1731 2991 et
1784 2928 2032 2993 mentis
2076 2933 2235 3010 pa's-
2260 2947 2425 2988 uuum

367 3031 560 3095 sione
607 3027 964 3093 confossus
993 3026 1294 3091 Thomas
1326 3026 1675 3091 confessor
1715 3026 2014 3091 invictus
2055 3033 2236 3092 mar'-
2258 2997 2478 3088 Q*
2496 2998 2544 3037 ⁰¹

369 3129 650 3214 tyrium,
677 3126 860 3210 quod
894 3125 1193 3191 nondum
1226 3126 1528 3208 suscepit
1559 3126 1632 3189 in
1661 3144 1968 3208 corpore,
2003 3134 2236 3193 serva-

370 3230 475 3294 vit
512 3229 587 3292 in
621 3233 889 3306 mente;
934 3226 1172 3290 videns
1214 3225 1393 3289 enim
1434 3225 1652 3302 illum,
1691 3227 1810 3308 qui
1844 3234 2056 3309 caput
2089 3247 2239 3293 esse

371 3327 613 3392 debuit
650 3326 956 3391 ecclesiae
995 3325 1373 3403 militantis,
1410 3324 1594 3409 quod
1623 3343 1698 3388 se
1732 3344 1872 3391 non
1916 3328 2240 3409 opposuit

371 3447 666 3504 murum,
700 3432 778 3490 ut
814 3431 1033 3489 staret
1075 3435 1201 3507 pro
1245 3443 1329 3488 ea
1365 3425 1438 3488 in
1478 3424 1588 3488 die
1635 3425 1878 3507 praelii,
1922 3426 2042 3490 sed
2080 3446 2239 3491 con-

369 3537 613 3592 versus
654 3532 760 3589 est
792 3532 1163 3590 retrorsum
1197 3523 1389 3588 velut
1438 3524 1617 3587 aries
1652 3542 1913 3588 cornua
1943 3545 2081 3590 non
2114 3525 2235 3590 ha-

369 3628 566 3704 bens,
615 3625 798 3689 omni
850 3623 1147 3688 humano
1200 3622 1573 3687 destitutus
1619 3621 1868 3688 solatio
1924 3625 2012 3688 ad
2061 3624 2237 3689 divi-

370 3746 531 3791 num
591 3722 905 3805 confugit
962 3722 1322 3800 auxilium,
1384 3722 1805 3787 incessanter
1864 3743 1988 3806 pro
2048 3731 2236 3788 statu

371 3824 675 3890 ecclesiae
706 3841 935 3901 oranS‚
964 3841 1211 3905 corpus
1242 3840 1441 3887 suum
1473 3820 1547 3886 in
1578 3821 1836 3904 vig-iliis
1865 3830 1934 3887 et
1950 3822 2237 3907 jejuniis

374 3943 750 4001 macerans,
791 3941 918 4006 pro
953 3941 1029 3987 se
1073 3921 1636 4006 persequentibus
1677 3927 1748 3984 et
1784 3920 1942 3987 odio
1981 3922 2237 3988 haben-

373 4025 555 4089 tibus
588 4041 825 4106 preces
858 4020 1172 4098 fundens,
1192 4020 1641 4104 lachrymosis
1672 4021 1986 4104 suspiriis
2014 4022 2238 4086 Deum

374 4123 746 4187 sollicitare
790 4120 1079 4198 studuit,
1118 4127 1196 4184 ut
1242 4119 1597 4185 ecclesiam
1644 4139 2053 4185 conservare
2090 4120 2242 4201 dig-

374 4229 680 4298 naretur,
719 4240 926 4303 quam
969 4220 1253 4284 redemit
1289 4227 1361 4283 et
1397 4218 1673 4301 proprio
1706 4220 2045 4302 sanguine
2079 4239 2242 4283 con-

374 4322 694 4387 secravit.
764 4314 974 4399 ¹Quis
1006 4319 1185 4383 enim
1219 4318 1424 4403 hujus
1453 4317 1585 4382 viri
1619 4317 1754 4382 Dei
1784 4319 2142 4400 angustias
2176 4322 2247 4379 et

369 4490 470 4613 lib¹
496 4492 625 4549 Quis
639 4492 805 4556 enisu-J
836 4492 931 4542 See
955 4490 1037 4541 hin
1066 4491 1213 4542 letter
1237 4496 1289 4540 to
1314 4490 1533 4556 Conrad,
1564 4491 1876 4543 archdeacon
1899 4490 1958 4539 of
1987 4491 2252 4552 Mayence,

450 4598 465 4614 .
488 4577 557 4612 iv.
586 4577 668 4625 ep.
690 4577 774 4612 xv·

476 4653 634 4702 voh.
671 4654 749 4701 11.
1923 4652 1961 4696 z
