3457 5887
964 883 1241 933 nonus
1285 884 1816 934 ms‘roamauu.
2201 872 2334 937 265

451 1055 518 1111 et
546 1046 911 1123 miseriam,
940 1053 1020 1109 ut
1047 1045 1164 1109 diu
1210 1044 1463 1108 oblitus
1506 1044 1599 1108 sit
1627 1045 1736 1108 sui
1774 1042 2153 1129 AdJutoris,
2186 1046 2331 1124 sed,
2356 1062 2466 1103 an.
2488 1063 2598 1101 ιιω.

454 1148 606 1212 Deo
638 1147 914 1212 tandem
943 1144 1136 1209 illum
1165 1144 1591 1227 respiciente,
1609 1163 1854 1208 nomen
1877 1143 1923 1208 J
1930 1163 2051 1208 esu
2075 1144 2333 1210 Christi
2355 1113 2654 1253 ffiffi’

452 1247 800 1311 invocavit
851 1252 922 1309 et
957 1245 1273 1327 protinus
1314 1243 1421 1308 vis
1475 1243 1768 1308 fiammae
1812 1263 1968 1308 eum
2000 1245 2074 1308 in
2105 1264 2334 1310 aerem
2387 1241 2399 1252 ’

454 1365 724 1410 sursum
787 1344 1069 1421 levavit,
1129 1344 1246 1408 ubi
1304 1344 1379 1406 in
1446 1343 1888 1409 descensione
1948 1345 2137 1427 putei
2207 1346 2332 1409 ali-

454 1445 780 1528 quamdiu
803 1444 1135 1509 attonitus
1166 1443 1384 1507 stetit.
1458 1442 1593 1507 Sed
1611 1463 1770 1508 ecce
1793 1445 1957 1507 novi
1988 1443 2332 1510 daemones

453 1565 542 1610 ex
595 1564 713 1609 ore
760 1545 951 1628 putei
1001 1550 1521 1627 prorumpentes
1574 1543 1900 1608 dixerunt
1947 1543 2035 1621 ei,
2081 1550 2101 1579 ‘
2122 1545 2217 1608 Et
2255 1553 2333 1609 tu

458 1645 574 1728 qui
613 1645 723 1709 hic
767 1651 937 1721 stas,
975 1645 1087 1707 cui
1122 1643 1291 1707 socii
1327 1644 1545 1707 nostri
1590 1642 1916 1707 dixerunt
1958 1643 2137 1708 hunc
2180 1664 2333 1709 esse

456 1743 814 1822 infernum,
851 1763 992 1808 non
1029 1743 1129 1807 ita
1168 1742 1312 1808 sore
1347 1743 1527 1806 scias
1557 1763 1576 1824 ;
1621 1762 1784 1807 nam
1822 1745 2332 1809 consuetudinis

457 1852 708 1909 nostrae
738 1852 846 1908 est
873 1862 1144 1925 semper
1175 1842 1470 1919 mentiri,
1501 1850 1602 1920 ut,
1632 1861 1807 1926 quos
1838 1843 2149 1926 decipere
2191 1864 2331 1909 non

455 1963 819 2027 possumus
869 1963 993 2027 per
1053 1961 1314 2019 verum,
1372 1941 1793 2024 decipiamus
1851 1963 1976 2026 per
2033 1942 2327 2025 falsum3

454 2043 565 2108 hic
613 2063 750 2108 non
801 2050 907 2107 est
956 2041 1284 2118 infernus,
1335 2040 1457 2105 sed
1502 2061 1682 2106 nunc
1732 2048 1803 2107 te
1855 2043 1942 2106 ad
1993 2043 2330 2109 infernum

455 2141 811 2208 ducimus?

853 2317 951 2380 Do
967 2324 1156 2402 pom
1181 2315 1412 2394 stricto,
1446 2313 1679 2380 cubrico
1710 2324 1769 2380 a
1794 2315 1941 2380 acco.

586 2439 968 2505 Trahentes
1035 2441 1248 2522 igitur
1314 2440 1596 2506 militem
1669 2440 1904 2506 hostes
1961 2441 2122 2505 novi
2180 2462 2332 2508 cum

453 2540 751 2605 tumultu
806 2540 1165 2607 horrisono
1210 2540 1297 2605 ad
1338 2540 1590 2604 flumen
1644 2540 1986 2622 quoddam
2019 2540 2333 2607 foetidum

448 2639 856 2704 latissimum
900 2659 982 2705 ac
1026 2648 1248 2704 totum
1292 2640 1567 2704 flamma
1607 2639 1981 2723 sulphureo
2017 2643 2332 2707 incendio

447 2748 868 2824 coopertum,
921 2739 1440 2822 daemonumque
1486 2739 1922 2804 multitudine
1970 2742 2325 2824 repletum,

447 2840 821 2905 dicentium
865 2840 952 2918 ei,
991 2840 1174 2923 quod
1217 2842 1346 2904 sub
1401 2839 1680 2903 flumine
1730 2840 1850 2904 illo
1893 2848 2082 2906 esset·
2116 2843 2324 2907 inser-

451 2960 605 3006 nus,
711 2939 901 3005 Pons
934 2961 1099 3005 vero
1142 2940 1676 3023 protendebatur
1709 2939 1896 3005 ultra
1933 2940 2212 3021 flumen,
2255 2945 2326 3008 in

456 3060 594 3123 quo
646 3041 783 3105 tria
834 3041 1034 3124 quasi
1086 3040 1533 3124 impossibilia
1577 3040 2027 3122 videbantur3
2091 3062 2325 3122 unum,

452 3140 638 3224 quod
686 3140 788 3204 ita
839 3141 1142 3205 lubricus
1195 3149 1369 3217 erat,
1413 3148 1516 3218 ut,
1561 3139 1830 3204 etiamsi
1875 3140 2060 3206 latus
2124 3151 2324 3222 esset,

455 3240 687 3303 nullus
718 3241 830 3304 vel
861 3241 980 3304 vix
1014 3240 1264 3322 aliquis
1295 3241 1366 3304 in
1400 3260 1482 3305 eo
1519 3239 1761 3323 pedem
1796 3240 2004 3321 figere
2046 3251 2322 3324 posset;

453 3340 667 3417 aliud,
717 3339 899 3422 quod
953 3339 1124 3404 adeo
1179 3341 1458 3404 strictus
1518 3347 1691 3417 erat,
1739 3340 1922 3422 quod
1972 3341 2205 3406 nullus
2253 3344 2325 3406 in

450 3460 536 3504 eo
567 3447 754 3503 stare
782 3440 894 3504 vel
928 3439 1275 3503 ambulare
1306 3439 1583 3504 valebat
1612 3460 1630 3520 ;
1681 3441 1984 3518 tertium,
2015 3440 2196 3524 quod
2224 3442 2325 3507 ita

448 3539 632 3604 altus
677 3546 783 3603 est
830 3548 900 3604 et
944 3560 986 3603 a
1017 3539 1293 3603 flumine
1325 3547 1650 3618 remotus,
1691 3540 1875 3622 quod
1912 3540 2320 3606 horrendum

448 3646 598 3704 erat
651 3638 967 3704 deorsum
1019 3639 1346 3722 aspicere.
1442 3645 1462 3674 ‘
1484 3638 1779 3722 Oportet
1834 3640 1950 3717 te‚’
2003 3641 2319 3723 inquiunt

447 3740 813 3816 daemonoe,
848 3745 868 3774 ‘
888 3758 1096 3823 super
1125 3747 1403 3822 pontem
1439 3738 1619 3802 hunc
1646 3739 2021 3818 ambulare,
2054 3749 2124 3805 et
2152 3762 2318 3806 ven-

453 3848 565 3903 tus
593 3839 733 3917 ille,
773 3840 893 3922 qui
934 3847 1001 3903 te
1038 3838 1328 3922 projecit
1371 3840 1444 3903 in
1482 3839 1668 3904 aliud
1703 3839 1975 3917 flumen,
2008 3841 2321 3925 projiciet

450 3940 522 4001 in
575 3939 807 4019 istud3
873 3946 943 4003 et
985 3938 1342 4003 confestim
1387 3958 1432 4002 a
1481 3939 1686 4003 sociis
1743 3941 2020 4018 nostriS,
2074 3943 2193 4023 qui
2245 3942 2318 4005 in

450 4038 727 4102 flumine
786 4047 972 4116 sunt,
1027 4039 1316 4121 capieris
1363 4046 1434 4103 et
1483 4039 1555 4101 in
1606 4039 2017 4121 profundum
2070 4041 2320 4105 inferni

443 4139 856 4221 demergeris
888 4138 927 4219 ;'
995 4138 1115 4203 sed
1170 4138 1392 4217 mileS,
1445 4138 1767 4203 invocato
1822 4141 2097 4205 nomine
2145 4140 2192 4205 J
2197 4160 2317 4206 esu

447 4238 727 4316 Christi,
770 4245 1047 4321 pontem
1095 4238 1421 4303 audacter
1467 4236 1814 4320 ingressus
1854 4240 2068 4323 coepit
2112 4241 2318 4323 pede-

450 4340 691 4403 tentim
719 4358 926 4421 super
942 4345 1220 4421 pontem
1237 4338 1573 4415 incedere,
1603 4346 1673 4403 et
1690 4358 1827 4420 quo
1848 4341 2143 4421 amplius
2166 4359 2321 4422 pro-

448 4440 654 4503 cessit
686 4438 758 4502 in
804 4458 911 4515 ec,
949 4445 1146 4503 tanto
1180 4437 1362 4502 viam
1392 4437 1759 4521 largiorem
1809 4439 2095 4517 invenit,
2139 4440 2319 4503 unde

445 4539 676 4621 pontis
718 4537 1013 4603 latitudo
1053 4539 1125 4602 in
1164 4539 1355 4603 brevi
1403 4538 1503 4602 ita
1546 4539 1787 4615 crevit,
1833 4545 1912 4601 ut
1962 4539 2092 4602 viae
2144 4539 2317 4619 pub·

442 4640 597 4703 licae
638 4638 1152 4723 amplitudinem
1202 4638 1577 4721 praeserret.
1683 4637 1903 4701 Porro
1953 4636 2319 4714 daemoneS,
