3457 5887
912 807 1186 856 nonus
1229 806 1757 856 msronunuu.
2136 792 2267 857 417

398 970 542 1028 tate
582 972 1004 1049 praesumpta
1047 962 1441 1042 recurritur,
1475 959 1592 1029 ilbi
1643 964 1897 1047 populo
1930 963 2270 1031 Christia-
2290 982 2399 1023 A-D·
2420 983 2531 1022 ¹1⁸³-

398 1082 487 1127 no
539 1063 893 1129 imminere
936 1066 1350 1149 periculum,
1382 1066 1519 1129 imo
1571 1064 2075 1143 exterminium,
2131 1065 2267 1131 for-

397 1161 717 1240 midatur,
783 1170 860 1227 ut
927 1184 1052 1248 per
1110 1164 1459 1228 brachium
1518 1161 1725 1244 regiae
1776 1162 2265 1245 magnitudinis

399 1260 570 1344 Ejus
609 1263 926 1326 membris
971 1262 1404 1345 impendatur
1434 1261 1851 1344 praesidium,
1902 1263 2019 1342 qui
2059 1271 2129 1328 te
2176 1264 2263 1327 ad

399 1364 613 1424 tantae
645 1360 883 1442 gloriae
917 1363 1181 1444 apicem
1228 1361 1584 1444 pervenire
1632 1378 1759 1423 sua
1805 1359 2065 1442 pietate
2106 1381 2265 1425 con-

398 1460 624 1536 cessit,
657 1467 727 1523 et
758 1466 827 1523 te
855 1468 1097 1526 contra
1121 1461 1230 1523 sni
1262 1460 1553 1523 nominis
1589 1457 2104 1541 impugnatores
2146 1479 2263 1523 ne-

397 1556 604 1622 farios
635 1577 901 1623 murum
932 1558 1535 1641 inexpugnabilem
1567 1557 1931 1622 ordinavit.
2040 1558 2259 1623 Porro

398 1657 662 1721 noverit
706 1666 938 1723 vestra
994 1657 1347 1734 serenitas,
1408 1656 1591 1740 quod
1652 1656 2059 1721 Salaadinus
2110 1654 2257 1735 ille,

396 1756 615 1820 sancti
637 1758 931 1821 nominis
951 1756 1281 1823 Crucifixi
1298 1755 1825 1819 immanissimus
1843 1763 2263 1837 persecutor,

394 1854 495 1919 ita
537 1873 717 1918 nunc
758 1855 831 1918 in
865 1857 1110 1938 spiritu
1155 1853 1405 1917 furoris
1450 1859 1690 1917 contra
1730 1852 1987 1917 Christi
2025 1854 2259 1919 fideles

396 1962 597 2018 terrae
641 1960 900 2017 sanctae
938 1954 1108 2019 adeo
1146 1952 1460 2028 invaluit,
1503 1950 1710 2033 quod,
1763 1952 1893 2015 nisi
1944 1953 2258 2016 immani-

400 2053 564 2116 tatis
596 2050 746 2135 ejns
777 2052 1074 2136 impetus
1106 2051 1391 2135 objectis
1435 2050 1739 2114 obicibus
1783 2049 2267 2132 reprimantur,-

396 2150 603 2215 habet
633 2150 974 2231 fiduciam,
1008 2149 1190 2235 quod
1224 2149 1468 2214 influat
1500 2149 1547 2213 J
1552 2147 1828 2213 ordanis
1856 2150 1928 2214 in
1957 2168 2035 2213 os
2070 2146 2263 2234 ejus,’

398 2258 469 2314 et
494 2257 765 2315 caetera.
2248 2262 2261 2269 ⁴

398 2423 575 2504 Quod
601 2445 708 2489 retr
731 2423 1037 2489 Hem-icus
1072 2443 1320 2509 requam
1345 2422 1916 2507 Hierosolymam
1945 2421 2265 2488 recusavit.

498 2545 635 2609 His
678 2547 953 2625 auditis,
1002 2566 1128 2611 rex
1178 2547 1589 2629 Anglorum,
1650 2554 2028 2613 convocato
2083 2545 2265 2611 clero
2289 2564 2435 2612 fleury

398 2646 591 2727 regni
651 2664 732 2709 ac
788 2645 1069 2729 populo,
1131 2654 1592 2712 convenerunt
1651 2646 2023 2711 Londoniis
2081 2645 2264 2728 apud
2287 2612 2558 2712 {isssssssshssr

403 2744 1124 2809 Fontem-clericorum
1142 2739 1161 2777 ¹
1233 2746 1494 2810 decimo
1588 2746 1828 2830 quinto
1932 2745 2262 2810 kalendas
2286 2712 2534 2753 'emm'

399 2841 661 2925 Aprilis
703 2862 856 2906 cnm
897 2844 1218 2909 universa
1250 2845 1604 2910 nobilitate
1637 2845 1855 2927 regni,
1895 2844 2012 2908 ubi
2044 2844 2267 2908 dictus

400 2962 548 3021 rex,
601 2941 1028 3008 audientibus
1087 2943 1479 3027 patriarcha
1527 2953 1598 3010 et
1644 2945 1975 3027 magistro
2026 2945 2265 3008 domus

400 3042 779 3124 hospitalis,
832 3061 1067 3106 omnes
1115 3042 1348 3108 fideles
1395 3064 1558 3108 suos
1611 3045 1846 3109 multis
1891 3043 2266 3128 adjuratio-

399 3141 597 3205 nibus
635 3140 981 3219 astrinxit,
1020 3149 1363 3225 quatenus
1406 3142 1792 3225 proferrent
1834 3144 1907 3206 in
1947 3142 2267 3219 medium,

403 3239 566 3321 quid
609 3259 815 3322 super
854 3240 963 3304 his
1006 3242 1214 3306 saluti
1257 3243 1504 3305 animae
1549 3260 1693 3305 suae
1720 3241 2015 3306 viderint
2058 3260 2269 3324 expe-

400 3339 584 3418 dire;
633 3339 721 3402 ad
754 3338 883 3403 hoc
922 3340 1099 3404 enim
1128 3340 1372 3405 asserit
1409 3340 1709 3404 animum
1748 3358 1947 3405 suum
1983 3339 2268 3404 inclina-

402 3444 574 3513 tum,
607 3444 709 3515 ut,
741 3439 922 3520 quod
958 3458 1047 3503 ex
1077 3459 1309 3504 eorum
1339 3439 1625 3505 consilio
1655 3440 2017 3523 acciperet,
2049 3438 2269 3502 modis

400 3537 714 3600 omnibus
748 3538 1162 3603 observaret.
1261 3538 1458 3603 Tunc
1486 3537 1850 3602 concilium
1880 3538 2270 3603 universum

397 3653 607 3718 super
637 3636 1006 3718 praemissis
1037 3637 1526 3720 colloquentes,
1555 3636 1789 3702 sanius
1813 3638 2035 3701 visum
2063 3644 2168 3701 est
2198 3642 2270 3700 et

402 3735 649 3798 animae
697 3736 880 3816 regis
929 3736 1146 3800 multo
1194 3737 1558 3814 salubriuS‚
1599 3742 1678 3799 ut
1725 3755 2012 3817 regnum
2070 3728 2269 3798 suum

405 3832 632 3898 debita
688 3834 1150 3899 moderatione
1210 3837 1541 3916 gubernet
1594 3841 1665 3899 et
1726 3834 1896 3900 illud
1940 3854 1983 3898 a
2024 3833 2271 3898 barba-

402 3951 629 3996 rorum
658 3932 1035 4014 irruptione
1059 3940 1357 4011 tueatur,
1393 3953 1480 4015 qu
1488 3952 1599 3997 am
1647 3932 2080 3998 orientalium
2110 3952 2269 3997 con-

401 4031 584 4096 sulat
624 4033 697 4095 in
746 4031 1023 4114 propria
1064 4051 1356 4115 persona
1408 4031 1671 4112 saluti3
1733 4032 1819 4096 de
1870 4030 2027 4096 filiis
2087 4032 2270 4113 regis

405 4130 699 4213 quidem,
765 4150 1053 4214 quorum
1113 4131 1314 4213 petiit
1378 4132 1675 4215 aliquem
1744 4129 2135 4214 patriarcha
2211 4128 2272 4192 si

403 4248 530 4292 rex
586 4230 814 4293 venire
872 4238 1243 4307 recusaret,
1305 4231 1672 4314 quicquam
1739 4237 2063 4304 statuere,
2119 4246 2273 4290 cum

405 4335 635 4392 essent
664 4329 1002 4407 absenteS,
1046 4331 1498 4412 incongruum
1530 4328 1911 4393 videbatur.
2015 4325 2275 4390 Eodem

473 4495 1037 4574 Ψωιιωιάεωηαω
1064 4526 1122 4560 or
1137 4511 1316 4563 clerk-
1371 4504 1526 4558 Mina·
1564 4509 1778 4571 nima
1802 4509 1860 4558 or
1882 4508 1967 4558 the
2005 4506 2278 4571 emendes,

402 4581 617 4640 enwe113
659 4581 860 4645 Diceto,
901 4581 998 4632 col.
1042 4585 1157 4631 62⁶.
1223 4581 1318 4630 See
1370 4579 1468 4630 vol.
1490 4579 1546 4630 ii.
1567 4593 1619 4640 p.
1641 4582 1693 4642 7,
1711 4583 1837 4628 note.

507 4671 666 4720 von.
704 4670 783 4719 11.
1863 4652 1907 4717 2
1943 4669 1983 4715 Β
