3457 5887
878 992 989 1033 Aa).
1011 992 1122 1033 1102.

1192 805 1323 871 292
1697 817 1959 866 noomu
2006 816 2099 863 nn
2143 815 2551 863 wmmovmz

1198 996 1471 1059 magum
1512 968 1755 1038 ¹filiam
1793 973 2057 1057 peperit
2102 978 2173 1036 et
2215 972 2276 1034 ei
2321 991 2565 1036 nomen
2601 988 2800 1033 suum
2835 971 3063 1051 impo-

1196 1078 1355 1141 suit.
1452 1074 1612 1139 Hoc
1649 1074 1855 1137 etiam
1894 1090 2076 1136 anno
2115 1070 2527 1148 Richardus,
2564 1068 3061 1132 Londoniensis

1195 1176 1575 1257 episcopus,
1606 1173 1789 1236 viam
1840 1171 2175 1235 universae
2238 1170 2461 1232 carnis
2525 1170 2882 1250 ingressus
2929 1173 3062 1230 est.

1198 1273 1335 1337 Per
1366 1273 1540 1338 idem
1581 1291 1747 1335 vero
1773 1278 2042 1353 tempus
2075 1287 2198 1332 rex
2238 1267 2583 1332 Henricus
2627 1266 2791 1331 fecit
2823 1267 3065 1349 jurare

1196 1372 1589 1436 fidelitatem
1635 1369 1938 1434 Henrico
1990 1368 2131 1431 filio
2176 1386 2301 1431 suo
2343 1367 2428 1431 de
2471 1366 2870 1430 haereditate
2911 1384 3066 1440 sua,

1198 1477 1269 1535 et
1319 1471 1498 1534 inter
1544 1488 1780 1534 omnes
1825 1473 2179 1549 magnates
2227 1467 2417 1548 regni
2458 1465 2764 1529 Thomas
2795 1464 3066 1528 cancel-

1197 1568 1407 1633 larius
1460 1569 1719 1651 primus
1762 1566 2154 1630 fidelitatem
2189 1565 2477 1649 juravit,
2521 1564 2719 1632 salva
2771 1564 2907 1627 fide
2957 1583 3064 1626 re-

1197 1668 1305 1749 gis
1365 1668 1581 1750 patris
1653 1666 1976 1749 quamdiu
2030 1665 2291 1729 viveret
2360 1671 2432 1728 et
2489 1683 2704 1746 regno
2770 1682 3065 1746 praeesse

1194 1766 1419 1831 vellet.

1247 1936 1427 2012 Quod
1457 1936 1734 2013 Romae,
1764 1938 1922 2022 reyis
1948 1934 2376 2012 cancellarius,
2403 1935 2473 1998 in
2502 1932 3009 2020 archiepiscopum

1995 2034 2267 2125 eliyitur.

1294 2158 1552 2222 Eodem
1571 2176 1778 2233 anno,
1803 2163 2221 2239 congregato
2249 2155 2431 2219 clero
2459 2163 2532 2219 et
2563 2157 2820 2239 populo
2850 2158 3060 2222 totius

1153 2242 1172 2251 ’
1194 2257 1564 2340 provinciae
1594 2255 2111 2321 Cantuariensis
2140 2254 2323 2337 apud
2348 2254 3059 2334 westmonasterium,

1195 2356 1521 2433 Thomas,
1550 2355 1733 2437 regis
1783 2354 2251 2431 cancellariae,
2301 2353 2558 2418 electus
2599 2363 2708 2418 est
2738 2357 2812 2419 in
2841 2356 3064 2420 archi-

1195 2455 1586 2538 episcopum
1613 2454 2028 2531 solemniter,
2048 2447 2072 2485 ²
2085 2452 2351 2517 nemine
2383 2452 2830 2533 reclamante;
2869 2454 3061 2520 facta

1192 2555 1425 2636 itaque
1455 2552 1787 2617 electione
1828 2553 2116 2617 sabbato
2154 2552 2228 2616 in
2261 2550 2726 2630 Pentecosten,
2763 2556 3058 2637 presby-

1191 2660 1299 2717 ter
1341 2650 1694 2717 ordinatus
1735 2660 1842 2715 est
1883 2670 1927 2714 a
1964 2651 2298 2728 WalterO,
2359 2650 2653 2715 Roffensi
2699 2653 3052 2735 episcopo,

1192 2751 1266 2814 in
1308 2751 1596 2815 ecclesia
1647 2749 2151 2824 Cantuariensi,
2200 2757 2276 2814 et
2309 2751 2619 2831 sequenti
2661 2750 2769 2813 die
2811 2751 3060 2815 Domi-

1196 2850 1352 2914 nica
1408 2857 1845 2914 consecratus
1894 2857 2000 2913 est
2064 2850 2152 2912 ab
2218 2847 2550 2926 Henrico,
2596 2849 3061 2915 Wintoniensi

1197 2950 1538 3032 episcopo,
1580 2949 1972 3014 solemniter
2023 2956 2094 3012 et
2153 2948 2675 3013 inthronizatus.
2779 2949 3062 3014 Nuntiis

1194 3049 1409 3130 igitur
1454 3048 1541 3111 ad
1592 3067 1842 3131 papam
1875 3047 2176 3124 directiS,
2227 3067 2429 3129 quem
2474 3049 2653 3112 citra
2689 3047 2908 3132 Alpes
2960 3052 3062 3113 in-

1197 3154 1530 3218 venerunt
1587 3146 1676 3211 ad
1736 3146 2003 3211 Gallias
2050 3146 2593 3225 descendentem,
2651 3167 2807 3211 cum
2857 3149 3063 3231 pallio

1198 3255 1361 3311 sunt
1404 3247 1704 3326 reversi;
1757 3245 1948 3328 ,quod
1998 3244 2300 3310 Thomas
2333 3246 2910 3329 archiepiscopus,
2954 3268 3064 3312 so-

1197 3345 1339 3409 litis
1372 3345 1780 3410 constrictus
1813 3345 2278 3422 sacramentiS,
2331 3345 2418 3408 ab
2448 3346 2653 3410 altari
2684 3348 3061 3430 suscipiens

1197 3451 1585 3509 reverenter
1644 3444 1890 3507 summi
1945 3442 2317 3507 sacerdotis
2380 3451 2610 3508 vestes
2680 3445 2929 3524 induit,
2992 3456 3062 3511 et

1199 3541 1507 3606 habitum
1548 3543 1649 3608 sic
1695 3541 1988 3606 mutavit
2031 3549 2110 3606 ut
2151 3548 2222 3606 et
2272 3543 2570 3605 animum
2613 3554 3055 3626 permutaret,

1198 3658 1356 3702 nam
1415 3641 1623 3704 curiae
1677 3643 1859 3706 curis
1917 3641 2245 3705 interesse
2307 3643 2705 3705 renuntians
2754 3644 3058 3709 eccloeiae

1197 3756 1341 3801 suae
1386 3739 1681 3820 negotiis
1730 3747 1800 3805 et
1847 3739 2054 3803 lucris
2103 3739 2573 3823 spiritualibus
2625 3741 3059 3824 intendebam

1197 3837 1527 3920 siquidem
1571 3839 1848 3903 nuntios
1896 3838 1981 3902 ad
2032 3858 2259 3921 regem
2306 3839 2376 3902 in
2414 3839 2911 3906 Normanniam
2964 3843 3066 3906 di·

1199 3937 1403 4015 rexit,
1456 3936 1882 4001 cancellariae
1942 3938 2339 4002 renuntians
2387 3946 2458 4003 et
2499 3939 2804 4020 sigillum
2851 3943 3063 4024 resig-

1199 4054 1398 4113 nans,
1444 4034 1628 4119 quod
1672 4036 1768 4100 in.
1810 4055 1928 4100 cor
1986 4037 2169 4119 regis
2217 4037 2423 4101 altius
2484 4039 2816 4116 ascendit,
2870 4042 2940 4103 in
2965 4061 3064 4105 ·se

1270 4231 1287 4263 ¹
1303 4234 1351 4283 F
1351 4233 1485 4284 iliam
1515 4234 1744 4298 μιγῇ-ἐι]
1798 4234 2110 4285 Afterwards
2158 4236 2338 4298 Foliot,
2378 4237 2556 4299 bishop
2601 4238 2662 4287 of
2699 4238 2925 4300 Iaondon,
2967 4239 3064 4289 lud

1201 4303 1286 4352 the
1307 4302 1426 4352 wife
1446 4304 1505 4353 os
1527 4304 1789 4366 Alphonso
1812 4305 1963 4354 VIII.
1985 4305 2109 4367 king
2157 4307 2466 4367 complained
2494 4305 2554 4356 'os
2582 4307 2667 4357 the
2697 4309 2929 4371 electiou,
2959 4311 3064 4359 that

1199 4373 1258 4422 of
1284 4372 1505 4433 Castum
1548 4374 1638 4423 she
1671 4387 1780 4421 was
1821 4373 1906 4422 the
1949 4380 2112 4435 great·
2156 4375 2239 4424 the
2275 4376 2398 4437 king
2429 4376 2527 4424 had
2560 4377 2690 4426 done
2724 4393 2758 4428 a
2788 4379 3062 4428 womerful

1199 4443 1545 4504 grandmother
1575 4442 1633 4492 of
1658 4443 1892 4506 Elemmr,
1912 4443 2028 4493 wife
2058 4443 2116 4494 of
2155 4445 2314 4507 thing,
2348 4445 2424 4494 for
2456 4444 2514 4494 os
2550 4460 2582 4493 a
2627 4447 2816 4496 soldier
2858 4449 2922 4498 he
2963 4448 3060 4496 had

1199 4512 1420 4562 Edward
1440 4513 1486 4561 1.
2156 4515 2300 4563 made
2321 4528 2385 4563 an
2399 4515 2726 4578 archbishop3
2761 4517 3059 4580 Fitz-Steph.

1269 4579 1505 4632 ’Nem
1539 4581 1862 4644 reclamantes]
1909 4582 2107 4633 Gilbert
2151 4599 2203 4645 p.
2225 4587 2306 4633 24.
2389 4623 2392 4626 Α
