3457 5887
814 980 931 1022 Aa).
955 983 1067 1025 1077.

822 2041 932 2080 AD.
953 2040 1062 2080 1078.

822 2091 1064 2129 Dedlctsson

821 2141 870 2179 οἰ
878 2151 902 2178 ι
918 2140 1074 2179 ehurch

821 2197 865 2228 ιι
884 2190 981 2228 Bec.

824 2830 931 2869 Aa).
953 2830 1067 2870 1079.

825 2881 1060 2927 subjection

822 2932 870 2970 ot
883 2930 1031 2971 walen.

1139 797 1226 862 20
1635 809 1900 859 nocem
1949 808 2043 855 nn
2089 805 2492 856 wmmovssa

1140 990 1366 1052 regem
1413 968 1805 1045 benedixit3
1863 974 1931 1030 et
1974 966 2157 1029 facta
2200 984 2244 1028 a
2289 960 2720 1044 Maguntinis
2767 963 3004 1022 contra

1140 1090 1258 1134 eos
1297 1070 1652 1143 seditione,
1685 1064 2025 1130 Radulfus
2065 1083 2219 1127 cum
2260 1062 2768 1143 archiepiscopo
2798 1061 3002 1120 noctu

1143 1168 1434 1249 aufugit.
1537 1164 2050 1230 Hildebrandus
2082 1181 2314 1227 omnes
2347 1159 2738 1242 imperatori
2770 1156 3008 1220 adver-

1140 1275 1372 1330 santes
1424 1265 1743 1330 absolvit.
1848 1263 2231 1345 Imperator
2271 1268 2498 1323 tamen
2536 1257 2820 1340 Alpium
2867 1252 3003 1317 adi-

1135 1367 1320 1429 tibus
1368 1372 1606 1429 contra
1655 1383 1728 1426 se
1781 1362 2081 1437 munitiS,
2126 1361 2378 1441 ubique
2424 1358 2734 1422 omnibus
2773 1371 3002 1417 eorum

1139 1464 1483 1528 frustratis
1529 1462 1815 1537 insidiis,
1857 1480 1978 1543 per
2017 1458 2405 1541 Aquileiam
2451 1456 2637 1521 venit
2683 1454 3003 1533 Ratispo-

1139 1583 1321 1639 uam,
1356 1570 1425 1626 et
1457 1563 1551 1625 ibi
1587 1559 1964 1626 Radulfum
1993 1558 2330 1621 hostiliter
2361 1555 2646 1621 adorsus
2680 1550 3002 1632 compulit

1138 1662 1212 1724 in
1249 1662 1521 1743 fugam;
1576 1667 1669 1737 et,
1718 1660 1969 1723 iterata
2018 1656 2472 1739 expeditione,
2521 1653 2839 1718 Sueviam
2886 1649 3001 1712 de-

1138 1761 1463 1824 vastavit.

1559 1910 1656 1973 De
1686 1910 2056 1973 dedicatione
2087 1909 2335 1973 ecclesia:
2367 1906 2568 1970 Becci.

1239 2030 1443 2095 Anno
1471 2032 1752 2096 Domini
1785 2050 2155 2097 Mnxxvm.
2181 2032 2467 2096 ecclesia
2495 2029 2721 2103 Becci,
2748 2026 3000 2090 decimo

1140 2128 1471 2193 kalendas
1515 2131 1937 2209 Decembris,
1993 2133 2064 2194 in
2118 2132 2442 2196 honorem
2493 2131 2710 2192 beatae
2766 2124 3000 2189 Mariae

1140 2228 1455 2293 dedicata
1498 2238 1603 2293 est
1646 2231 1735 2294 ab
1768 2231 2278 2313 archiepiscopo
2314 2227 2794 2293 Cantuariensi
2824 2224 3002 2287 Lan-

1139 2327 1415 2407 franc03
1462 2330 1661 2412 cujus
1707 2332 1931 2412 operis
1977 2332 2147 2412 ipse,
2189 2336 2347 2411 post
2398 2329 2710 2391 abbatem
2758 2322 2998 2387 Herle-

1139 2428 1416 2504 winum,
1445 2429 1741 2511 primum
1771 2430 1841 2492 in
1876 2429 2314 2493 fundamento
2345 2427 2634 2509 lapidem
2669 2423 2976 2507 projecit.

1177 2600 1352 2678 Quod
1376 2622 1481 2663 rea·
1523 2599 1861 2664 Willelmus
1900 2600 2223 2664 Wallenses
2254 2598 2597 2684 sabjayavit
2624 2607 2680 2661 ot
2713 2596 2970 2661 odonem

1675 2700 2011 2783 episcopum
2038 2699 2464 2763 incarceravit.

1240 2817 1447 2884 Anno
1493 2820 1772 2884 Domini
1817 2839 2138 2886 MLXXIX.
2174 2842 2296 2885 rex
2322 2821 2706 2903 Anglorum
2737 2817 3004 2883 willel-

1142 2936 1292 2982 mus
1343 2920 1415 2982 in
1459 2919 1783 2985 Walliam
1833 2922 2033 2987 duxit
2090 2921 2465 2986 exercitum
2518 2919 2888 3001 copiosum,
2939 2924 3006 2981 et

1142 3037 1292 3082 eam
1333 3019 1464 3083 sibi
1503 3022 1903 3105 subjugavit
1942 3030 2011 3086 et
2046 3042 2088 3085 a
2116 3021 2370 3102 regulis
2413 3020 2549 3083 illis
2584 3019 2903 3099 homagia
2939 3023 3006 3080 et

1141 3116 1500 3183 fidelitates
1530 3121 1794 3203 accepit
1819 3141 1836 3199 ;
1875 3121 2184 3185 Odonem
2211 3119 2487 3182 fratrem
2517 3137 2740 3193 suum,
2769 3117 2852 3179 de
2883 3134 3006 3179 sua

1144 3216 1524 3297 proditione
1571 3227 1990 3295 accusatum,
2029 3221 2233 3301 cepit,
2268 3226 2338 3282 et
2385 3216 2791 3281 incarcerari
2830 3235 3005 3298 prae-

1146 3315 1347 3394 cepit.
1453 3315 1707 3378 Eodem
1752 3334 1930 3379 anno
1962 3311 2381 3394 ¹Turstinus,
2421 3318 2629 3380 abbas
2658 3314 3004 3378 Glastoni-

1147 3412 1353 3486 ensiS,
1378 3419 1578 3494 turpe
1604 3413 1828 3477 scelus
1860 3416 2232 3494 commisit;
2268 3425 2407 3480 tres
2436 3416 2613 3479 enim
2641 3413 3004 3478 monachos

1147 3510 1275 3572 sub
1323 3510 1524 3573 altari
1577 3513 1836 3594 positos
1891 3514 2106 3579 occidi
2150 3516 2332 3592 fecit,
2377 3521 2445 3577 et
2492 3513 2862 3577 octodecim
2914 3513 3008 3574 ita

1147 3607 1487 3672 vulnerati
1519 3619 1704 3687 sunt,
1750 3613 1926 3693 quod
1962 3615 2244 3695 sanguis
2278 3633 2509 3678 eorum
2540 3614 2627 3676 ab
2666 3611 2868 3675 altari
2896 3630 3008 3673 su-

1146 3725 1269 3789 per
1306 3708 1581 3788 graduS,
1620 3717 1688 3775 et
1721 3730 1765 3773 a
1795 3711 2115 3792 gradibus
2160 3714 2232 3776 in
2269 3713 2754 3795 pavimentum,
2787 3708 3008 3792 profu-

1147 3824 1264 3868 sus
1306 3810 1625 3872 cucurrit.
1728 3809 1985 3874 Eodem
2025 3831 2202 3875 anno
2241 3813 2608 3893 imperator
2647 3809 3011 3884 HenricuS,

1148 3904 1218 3966 in
1254 3902 1726 3985 Pentecosten,
1756 3910 1827 3972 in
1858 3910 2141 3975 concilio
2179 3910 2559 3992 Maguntiae
2593 3909 2826 3972 habito
2860 3906 3008 3970 Wi-

1151 4003 1437 4081 bertum,
1476 4005 1828 4070 Ravennae
1880 4009 2067 4071 urbis
2118 4010 2532 4091 episcopum,
2571 4027 2820 4089 papam
2871 4007 3010 4070 fore

1153 4101 1489 4184 designat.
1591 4104 1849 4168 Eodem
1894 4126 2072 4171 anno
2104 4107 2493 4183 Antiochia,
2536 4115 2743 4188 caput
2773 4107 3010 4189 Syriae,

1155 4202 1425 4283 capitur
1458 4221 1501 4264 a
1539 4205 1851 4285 paganiS,
1900 4225 2053 4269 cum
2093 4215 2241 4270 tota
2280 4206 2631 4290 provincia
2675 4205 3013 4288 adjacenti

1155 4306 1225 4364 et
1259 4300 1411 4364 aliis
1445 4303 1833 4383 regionibus
1867 4304 2122 4374 multis.

1229 4491 1248 4525 ¹
1266 4496 1575 4562 Tus-stium]
1609 4515 1666 4548 or
1699 4500 1715 4527 ‘
1738 4500 2014 4552 Thur-stane
2027 4500 2058 4563 ;’
2110 4505 2276 4555 where
2298 4521 2329 4554 a
2351 4505 2444 4555 full
2461 4509 2670 4553 account
2684 4502 2741 4550 of
2755 4500 2839 4549 the
2855 4500 3016 4549 crucl·

1152 4563 1272 4615 Sax.
1296 4566 1479 4617 Clu-on.
1515 4573 1657 4630 1083,
1676 4570 1780 4618 and
1801 4571 2053 4635 Florence,
2109 4579 2163 4636 ty
2184 4575 2242 4624 of
2256 4576 2337 4624 the
2359 4576 2508 4624 abbot
2528 4576 2573 4623 is
2593 4570 2846 4623 recorded.
