3457 5887
900 826 1176 874 nonus
1222 818 2279 883 ms'romAnuM.137

393 1004 482 1049 ex
543 985 795 1048 nostris
841 983 972 1047 viri
1021 984 1306 1063 nobiles,
1362 985 1744 1054 Gilibertus
1792 990 1876 1054 de
1929 989 2160 1054 Treva
2209 996 2281 1053 et
2303 1008 2412 1049 An
2434 1008 2550 1048 ιοοο.

396 1083 739 1148 Aicardus
809 1083 895 1147 de
966 1083 1210 1148 Monte
1278 1085 1526 1164 Merla,
1599 1089 1719 1153 alii
1795 1097 2026 1155 autem
2094 1090 2279 1173 apud
2303 1058 2606 1150 tuma.

394 1184 438 1247 J
443 1203 674 1266 oppen
724 1183 1097 1247 incolumes
1153 1197 1633 1265 pervenerunt,
1682 1196 1753 1252 et
1794 1191 1891 1253 sic
1925 1189 2085 1254 inde
2124 1209 2281 1253 cum

396 1284 585 1347 omni
645 1283 1031 1348 substantia
1090 1301 1218 1346 sua
1276 1283 1834 1372 Hierosolymam
1894 1297 2056 1353 sunt
2116 1307 2281 1353 con·

395 1382 613 1458 ducti,
663 1383 780 1447 ubi
830 1401 874 1445 a
925 1381 1309 1463 legionibus
1360 1387 1742 1467 gaudenter
1794 1389 2065 1471 excepti
2120 1407 2280 1452 con-

396 1482 806 1546 solationem
839 1482 1082 1546 castris
1113 1501 1252 1546 non
1279 1486 1612 1551 modicam
1648 1487 2051 1552 attulerunt.

506 1663 826 1727 Machinis
860 1661 1241 1739 constructis,
1271 1647 1493 1724 civitae
1520 1659 1745 1724 iterum
1773 1661 2197 1747 impuynatur.

507 1785 817 1870 Cumque
874 1806 998 1869 per
1062 1805 1364 1850 mensem
1425 1805 1636 1848 unum
1695 1785 1880 1849 circa
1936 1785 2286 1850 machinas
2310 1813 2573 1858 mmm

399 1886 795 1951 laborantes
839 1886 929 1949 ad
974 1887 1232 1968 negotii
1265 1884 1919 1949 consummationem
1956 1905 2286 1967 pervene-

400 1995 589 2063 runt,
623 1985 888 2069 placuit
923 1986 1260 2069 episcopis
1290 1991 1361 2048 et
1390 1984 1815 2067 sapientibus
1842 1982 1929 2047 de
1955 1986 2286 2062 exercitu,

406 2093 487 2150 ut
523 2087 708 2150 inter
746 2104 979 2149 omnes
1016 2103 1157 2167 pax
1196 2083 1698 2161 reformaretur,
1728 2083 1997 2167 jejunia
2022 2083 2286 2161 fierent,

410 2185 889 2267 processiones
933 2184 1134 2247 etiam
1179 2203 1332 2246 cum
1372 2183 1796 2247 orationibus
1839 2183 2106 2247 devotis
2137 2204 2156 2262 3
2224 2191 2293 2247 et

413 2285 514 2347 sic
557 2283 671 2347 die
725 2288 1011 2360 statuto,
1047 2282 1153 2346 his
1192 2282 1510 2346 omnibus
1546 2283 1675 2347 rite
1712 2283 2034 2364 peractis,
2073 2281 2296 2346 adsuit

411 2383 925 2465 peregrinorum
986 2382 1192 2445 armis
1244 2382 1583 2445 instructa
1625 2381 1712 2446 ad
1757 2381 1990 2445 urbem
2033 2401 2299 2464 oppug-

414 2482 713 2545 nandam
758 2480 1036 2564 copiosa
1081 2480 1471 2557 multitudo,
1508 2500 1720 2544 unum
1765 2500 2001 2545 omnes
2043 2480 2298 2545 haben-

414 2580 587 2646 tium
630 2581 1084 2663 propositum,
1130 2588 1254 2644 aut
1287 2581 1550 2644 animas
1581 2600 1707 2663 pro
1740 2579 2018 2645 Christo
2045 2599 2298 2664 ponere

416 2688 539 2744 aut
568 2681 806 2745 urbem
841 2679 1253 2744 Christianae
1286 2681 1645 2744 restituere
1677 2679 2004 2744 libertati.
2079 2679 2298 2745 Acce-

418 2780 659 2844 dentes
709 2780 925 2862 igitur
988 2779 1076 2842 ad
1135 2799 1438 2862 pugnam
1497 2780 1801 2843 universi
1861 2798 2056 2843 muro
2120 2780 2298 2843 nite-

415 2882 674 2945 bantur
723 2877 1074 2943 machinas
1124 2879 1497 2963 applicare,
1551 2887 1630 2943 ut
1693 2878 1964 2943 facilius
2013 2878 2301 2957 TurcoS,

419 2980 543 3063 qui
570 2981 644 3044 in
670 2979 972 3044 turribus
1002 2987 1071 3044 et
1102 2979 1636 3061 propugnaculis
1669 2978 2117 3057 rebellabant,
2140 2998 2302 3062 pos-

421 3086 584 3143 sent
632 3080 911 3143 liberius
966 3078 1413 3161 impugnare;
1476 3085 1551 3142 at
1608 3079 1796 3142 cives
1849 3078 2139 3144 viriliter
2198 3098 2300 3142 re·

422 3180 775 3256 sistentes,
816 3178 1105 3243 telorum
1141 3178 1366 3261 jactu,
1409 3178 1822 3260 sagittarum
1865 3177 2103 3254 imbre,
2134 3177 2307 3261 lapi-

420 3277 592 3341 dum
642 3278 1074 3342 contorsione
1126 3296 1214 3340 ex
1262 3277 1596 3341 machinis
1643 3277 2102 3362 jaculatoriiS,
2151 3298 2306 3342 cum

416 3378 766 3442 horrendo
822 3378 1082 3459 impetu
1142 3378 1666 3460 retorquebant;
1753 3378 1992 3454 nostri,
2047 3398 2087 3441 e
2140 3397 2304 3442 con·

420 3477 667 3555 trario,
720 3477 1015 3560 protecti
1052 3476 1310 3559 clypeis
1361 3486 1433 3541 et
1472 3477 1775 3542 cratibus
1808 3477 2120 3561 objectis,
2163 3484 2304 3541 tam

420 3578 726 3642 arcubus
797 3596 1004 3659 quam
1080 3576 1372 3653 balistis,
1437 3575 1579 3639 tela
1649 3577 2107 3654 remittebant,
2170 3576 2307 3640 fre-

423 3676 716 3761 quentia
791 3683 862 3740 et
933 3675 1303 3758 pugillaria
1374 3682 1907 3758 contorquentes
1975 3694 2152 3740 saxa
2219 3673 2308 3739 ad

424 3796 703 3840 murum
751 3775 1072 3839 accedere
1125 3776 1544 3852 nitebantur,
1592 3775 1679 3838 iis
1727 3775 1846 3857 qui
1896 3776 1967 3839 in
2011 3773 2313 3840 turribus

425 3883 633 3941 erant
681 3875 984 3957 requiem
1033 3873 1515 3938 subtrahentes
1570 3881 1641 3938 et
1699 3874 2058 3938 audaciam
2111 3873 2317 3938 resis-

426 3976 651 4041 tendi.
753 3973 896 4038 Alii
923 3993 1086 4039 vero
1129 3973 1312 4038 infra
1354 3972 1704 4037 machinas
1737 3980 1808 4038 et
1840 3973 2126 4039 castella
2157 3992 2320 4037 con-

429 4074 689 4153 stituti,
721 4094 875 4138 cum
906 4074 1226 4157 petrariis
1257 4080 1329 4137 et
1360 4072 1741 4137 trubuculis
1771 4073 2063 4138 molares
2095 4071 2318 4136 maxi-

429 4194 590 4240 mos
638 4182 709 4239 et
752 4173 1017 4256 lapides
1065 4172 1433 4237 damnosos
1492 4172 1576 4235 ad
1629 4173 1885 4236 moenia
1925 4173 2321 4255 dirigenteS,

434 4276 597 4359 ipsa
648 4273 1002 4338 collisione
1035 4272 1315 4359 assidua
1353 4278 1424 4335 et
1453 4272 1701 4336 ictibus
1734 4272 2175 4354 ingeminatis
2205 4270 2324 4333 de-

434 4375 715 4438 bilitare
760 4380 830 4438 et
868 4370 956 4435 ad
1007 4391 1239 4437 casum
1295 4371 1642 4453 impellere
1695 4372 2147 4454 satagebant3
2208 4369 2326 4433 alii

437 4494 599 4538 cum
635 4472 1009 4537 minoribus
1037 4471 1370 4536 machinis
1403 4469 1666 4554 lapides
1691 4471 1984 4535 leviores
2025 4469 2112 4533 ad
2148 4469 2329 4544 illos,

438 4574 561 4657 qui
616 4573 688 4637 in
734 4572 1272 4656 propugnaculis
1322 4571 1624 4649 stabant,
1669 4574 2229 4652 contorquentes,
2287 4584 2331 4629 a
