3457 5887
1135 799 1270 867 258
1650 815 1917 863 uocum
1963 815 2058 863 nn
2100 815 2514 864 wnNoovna

819 991 1122 1091 mgb·
1141 976 1310 1052 sius,
1359 975 1513 1058 pius
1558 974 1692 1040 Dei
1744 973 1963 1039 Filius
2008 993 2347 1058 apparens
2390 974 2456 1038 ei
2494 972 2702 1036 duxit
2740 989 2892 1035 eum
2931 971 3005 1035 in

822 1090 1109 1184 guma
1144 1077 1369 1141 locum
1414 1073 1783 1152 desertum,
1833 1081 1904 1139 et
1963 1073 2265 1138 ostendit
2315 1074 2419 1138 illi
2465 1072 2861 1155 speluncam
2901 1089 3012 1133 ro-

857 1171 869 1183 '
1144 1175 1428 1241 tundam
1461 1181 1532 1239 et
1559 1175 1920 1239 obscuram
1951 1174 2387 1250 intrinsecae,
2426 1182 2498 1237 et
2526 1171 2733 1248 dixit,
2758 1176 2778 1204 ‘
2805 1169 3014 1248 Quis·

1146 1275 1301 1358 quis
1334 1274 1670 1339 veraciter
1699 1274 2046 1357 poenitens
2083 1280 2155 1338 et
2196 1275 2270 1337 in
2301 1272 2435 1338 fide
2467 1278 2797 1337 constans
2841 1269 3014 1334 banc

1145 1374 1544 1458 speluncam
1590 1374 1944 1455 ingressus
1985 1373 2192 1437 suerit
2244 1373 2471 1456 spatio
2507 1371 2712 1435 unius
2754 1370 2894 1434 diei
2935 1389 3018 1433 ac

1149 1474 1395 1551 noctis,
1448 1474 1537 1538 ab
1591 1474 1910 1538 omnibus
1958 1474 2032 1537 in
2092 1492 2179 1537 ea
2231 1472 2638 1556 purgabitur
2694 1470 3019 1554 peccatis,

1151 1574 1396 1657 quibus
1446 1573 1520 1637 in
1572 1580 1725 1639 tota
1769 1573 1918 1638 vita
1961 1591 2091 1637 sua
2143 1572 2369 1637 Deum
2417 1570 2749 1650 offendit;
2815 1578 3023 1652 atque

1152 1693 1305 1740 eam
1353 1672 1743 1755 ingrediens
1792 1692 1932 1737 non
1991 1673 2214 1737 solum
2259 1678 2603 1737 tormenta
2663 1670 3023 1746 malorum,

1155 1773 1298 1851 sed,
1330 1771 1392 1836 si
1433 1772 1507 1836 in
1536 1772 1671 1837 Dei
1712 1772 2079 1837 dilectione
2115 1777 2513 1837 constanter
2543 1788 3020 1853 perseverave-

1156 1872 1271 1950 rit,
1313 1870 1573 1936 videbit
1615 1880 1686 1937 et
1733 1872 1992 1954 gaudia
2042 1870 2446 1937 beatorum.'
2539 1870 2679 1947 Sic,
2728 1870 3022 1934 Domino

1155 1972 1571 2055 disparente,
1624 1979 1909 2037 sanctus
1958 1971 2327 2048 Patricius,
2379 1978 2525 2035 tam
2570 1989 2697 2053 pro
2749 1969 3021 2034 Domini

1158 2071 1589 2155 apparitione
1610 2090 1820 2154 quam
1847 2091 1975 2155 pro
2001 2072 2347 2154 speluncae
2375 2070 2771 2135 ostensione
2800 2070 3024 2146 latus,

1159 2171 1485 2254 sperabat
1513 2171 1837 2236 miserum
1870 2170 2225 2236 Hiberniae
2251 2170 2587 2254 populum
2604 2189 2680 2234 se
2710 2169 2801 2234 ad
2828 2168 3028 2233 fidem

1160 2269 1568 2335 catholicam
1599 2289 2126 2350 conversurnm3
2178 2277 2249 2335 et
2291 2271 2366 2334 in
2407 2270 2563 2334 loco
2602 2269 2726 2334 illo
2763 2268 3031 2334 confes·

1162 2370 1289 2434 tim
1342 2370 1717 2436 oratorium
1781 2377 2208 2447 construens,
2263 2368 2683 2453 speluncam,
2741 2387 2904 2450 qnae
2962 2368 3032 2432 in

1162 2469 1552 2535 coemeterio
1581 2476 1691 2534 est
1719 2477 1881 2535 ante
1906 2469 2201 2537 frontem
2233 2469 2559 2543 ecclesiae,
2583 2466 3035 2533 circumdedit

1163 2575 1234 2633 et
1271 2568 1559 2651 januam
1595 2587 1754 2633 cum
1794 2569 1965 2634 seris
2010 2569 2358 2652 apposuit,
2390 2587 2473 2632 ne
2504 2568 2651 2651 quis
2677 2586 2833 2631 eam
2869 2567 3029 2631 sine

1163 2667 1313 2750 ejus
1345 2667 1626 2733 licentia
1668 2668 2007 2734 introiret.
2081 2668 2470 2734 Canonicos
2497 2667 2833 2750 regulares
2864 2666 3026 2731 loco

1164 2766 1285 2832 illo
1317 2767 1722 2845 introduxit,
1753 2776 1825 2833 et
1855 2768 2066 2852 priori
2093 2768 2403 2834 ecclesiae
2442 2768 2697 2833 clavem
2721 2766 3031 2831 custodi-

1168 2866 1414 2931 endam
1444 2867 1785 2933 commisit
1810 2875 2146 2948 statuens,
2167 2875 2272 2947 ut,
2293 2867 2684 2952 quicunque
2702 2873 3036 2951 purgato-

1166 2966 1340 3030 rium
1386 2967 1654 3050 ingredi
1682 2968 2004 3045 voluerit,
2037 2970 2127 3034 ab
2159 2970 2483 3053 episcopo
2515 2968 2653 3033 loci
2688 2968 3038 3033 licentiam

1167 3065 1442 3143 babeat,
1486 3074 1559 3132 et
1600 3086 1760 3131 cum
1809 3067 2026 3132 literis
2083 3069 2387 3152 episcopi
2435 3068 2723 3133 accedat
2770 3067 2860 3132 ad
2907 3067 3042 3151 pri-

1169 3185 1380 3242 orem,
1438 3173 1510 3230 et
1570 3167 1659 3233 ab
1712 3186 1796 3232 eo
1845 3167 2221 3234 instructus
2270 3168 2744 3251 purgatorium
2805 3168 3037 3232 inu-et.

1173 3265 1384 3329 Multi
1412 3272 1639 3330 autem
1675 3267 1748 3330 in
1774 3266 2014 3331 diebus
2038 3268 2227 3332 beati
2254 3267 2540 3331 Patricii
2567 3267 3038 3350 purgatorium

1168 3365 1623 3443 intraverunt,
1657 3365 1776 3448 qui
1814 3366 2070 3430 reversi
2103 3367 2340 3431 testati
2383 3373 2549 3431 sunt
2585 3385 2665 3430 se
2699 3374 3041 3432 tormenta

1170 3464 1414 3546 gravia
1441 3464 1827 3547 pertulisse,
1856 3472 1928 3530 et
1954 3466 2209 3548 gaudia
2231 3482 2485 3549 magna
2514 3464 2769 3532 ibidem
2802 3474 2876 3531 et
2900 3467 3040 3531 ine·

1170 3563 1541 3628 narrabilia
1567 3565 2033 3648 conspexisse.

1218 3734 1863 3818 QuodmileeHoemus
1904 3737 3003 3826 dolmiaopisoopilooipuryato-

1865 3838 2035 3901 rium
2066 3838 2352 3903 intravit.

1276 3959 1484 4025 Miles
1531 3961 1767 4044 itaque
1803 3961 2265 4044 supradictus,
2309 3982 2466 4028 cum
2501 3961 2903 4045 angustiose
2945 3963 3050 4027 ni-

1174 4060 1306 4125 mis
1354 4060 1440 4124 ab
1488 4060 1812 4144 episcopo
1859 4068 2237 4127 memorato
2274 4062 2618 4127 licentiam
2663 4062 3046 4145 postularet

1176 4160 1649 4243 purgatorium
1696 4160 2120 4244 experiendi,
2162 4180 2318 4226 cum
2366 4161 2563 4226 illum
2605 4162 3048 4244 cognovisset

1176 4260 1536 4342 episcopus
1569 4258 2042 4339 inflexibilem,
2074 4260 2359 4326 tradidit
2385 4262 2453 4325 ei
2494 4261 2731 4327 literas
2763 4280 2929 4325 suas
2958 4261 3044 4325 ad

1176 4359 1473 4441 priorem
1520 4359 1679 4437 loci,
1715 4360 2048 4425 mandans
2084 4367 2164 4425 ut
2204 4378 2361 4425 cum
2410 4359 2532 4425 illo
2571 4367 2815 4444 ageret
2867 4361 3049 4425 sicut

1178 4460 1326 4522 fieri
1359 4459 1536 4522 solet
1569 4478 1726 4523 cum
1770 4459 1933 4538 illis,
1973 4461 2091 4543 qui
2130 4460 2603 4544 purgatorium
2639 4460 2908 4543 ingredi
2939 4461 3046 4524 de-

1178 4566 1473 4642 poscunt
1498 4580 1515 4639 3
1565 4559 1755 4642 prior
1785 4568 2039 4640 autem,
2060 4560 2227 4626 visis
2259 4560 2499 4639 literiS,
2523 4559 2810 4624 militem
2839 4561 2913 4628 in
2942 4580 3049 4627 ec·
