3457 5887
817 1036 929 1077 AJ).
949 1032 1060 1074 117³.

851 4397 1096 4489 fhoeffli·

852 4497 1028 4539 Brittan
1000 4510 1068 4550 ny.

1131 831 1264 898 374
1617 848 1886 896 uocum
1934 847 2028 896 ns
2073 845 2486 896 wnunovnu

1135 1025 1344 1091 quam
1371 1004 1699 1089 peditum,
1728 1004 2026 1088 plurima
2065 1005 2198 1070 sibi
2239 1003 2657 1087 suffragante
2697 1009 3012 1081 caterva,

1138 1124 1351 1171 naves
1390 1105 1721 1182 ascendit,
1768 1111 1862 1182 et,
1896 1104 2069 1169 velis
2114 1104 2187 1169 in
2233 1104 2450 1168 altum
2497 1105 2832 1188 expansis,
2867 1123 3011 1187 ap-

1141 1205 1383 1290 plicuit
1422 1205 1495 1269 in
1537 1203 1897 1268 Suthfolca
1937 1205 2121 1288 apud
2150 1204 2593 1269 Waletunam
2631 1204 2831 1269 tertio
2866 1202 3015 1267 ka-

1143 1305 1383 1370 lendas
1444 1303 1791 1381 Octobris,
1852 1305 1974 1386 qui
2034 1304 2327 1369 navibus
2376 1323 2535 1368 cum
2578 1302 3022 1367 festinatione

1142 1423 1460 1488 egressus
1530 1411 1833 1469 castrum
1905 1403 2210 1488 ejusdem
2274 1402 2459 1468 villae
2527 1401 2822 1479 obsedit,
2893 1401 3021 1465 sed

1141 1504 1311 1568 nihil
1361 1504 1636 1569 omnino
1677 1502 2007 1587 profecit;
2061 1504 2353 1587 indeque
2393 1501 2846 1586 profflediens
2886 1509 3025 1565 ter-

1142 1605 1243 1669 tio
1283 1603 1439 1668 idus
1474 1603 1796 1668 Octobris
1836 1602 2194 1668 castellum
2237 1603 2323 1667 de
2367 1601 2701 1685 Hagenet
2740 1601 3018 1677 invasit,

1144 1703 1328 1786 cepit
1359 1710 1430 1768 et
1452 1701 1832 1781 succendit,
1860 1709 1933 1767 et
1966 1703 2215 1768 milites
2244 1703 2534 1784 triginta
2557 1703 2744 1765 intus
2774 1709 3022 1784 captos

1146 1802 1235 1866 ad
1285 1801 1819 1885 redemptionem
1868 1803 2119 1885 coegit.
2222 1801 2651 1885 Regrediens
2704 1799 2855 1865 inde
2917 1798 3008 1863 ad

1151 1900 1696 1984 Fremingeham,
1745 1920 1902 1965 cum
1944 1920 2140 1966 mora
2188 1901 2339 1986 ejus
2397 1919 2691 1966 onerosa
2728 1899 3011 1982 Hugoni

1150 2001 1376 2082 Bigod
1469 1999 1739 2065 castelli
1810 2000 2086 2066 domino
2158 2000 2526 2077 videretur,
2612 2000 3020 2065 necessitate

1148 2100 1398 2164 ductus
1458 2099 1759 2164 animum
1821 2097 2077 2165 direxit
2129 2108 2200 2167 et
2257 2118 2571 2182 gressum
2640 2100 2729 2164 ad
2799 2098 3019 2181 Lege-

1150 2199 1472 2264 cestriam
1503 2198 1944 2265 visitandum.
2046 2199 2195 2264 Iter
2235 2199 2448 2282 igitur
2482 2199 2822 2283 arripiens
2866 2218 3023 2283 pro·

1151 2298 1387 2382 posuit
1463 2300 1757 2379 burgum
1815 2299 2039 2363 sancti
2098 2298 2480 2363 Eadmundi
2537 2319 2629 2363 ex
2684 2298 3028 2363 industria

1152 2398 1484 2462 itinerans
1546 2398 1949 2478 sinistrare;
2011 2397 2197 2482 quod
2256 2398 2596 2463 exercitus
2637 2399 2823 2480 regis
2870 2396 3029 2462 An-

1154 2497 1338 2579 gliae,
1368 2497 1487 2580 qui
1519 2498 1606 2561 ad
1640 2492 1884 2580 patriae
1909 2497 2097 2562 illius
2137 2498 2514 2564 custodiam
2542 2498 2765 2562 fuerat
2795 2496 3031 2579 assig-

1155 2602 1386 2674 natus,
1435 2616 1575 2661 non
1617 2597 1901 2661 latebat.
2001 2596 2313 2680 Stipatus
2346 2617 2505 2680 ergo
2533 2616 2752 2662 comoe
2784 2596 3021 2678 Lege-

1156 2696 1520 2759 cestrensis
1547 2695 1767 2760 milite
1794 2696 2096 2780 copioso,
2123 2697 2241 2780 qui
2272 2705 2551 2780 paratus
2587 2697 2672 2761 ad
2707 2714 3017 2779 pugnam

1159 2801 1331 2871 erat,
1369 2793 1446 2858 in
1490 2795 1712 2859 tribus
1760 2795 2060 2861 millibus
2104 2795 2646 2874 Flandrensium,
2690 2808 2864 2879 quos
2881 2795 3025 2859 viae

1159 2894 1532 2979 participes
1560 2902 1723 2962 tunc
1750 2893 2011 2973 habuit,
2043 2916 2182 2962 non
2223 2896 2577 2962 minimum
2617 2895 3030 2961 confidebat.

1165 2992 1354 3058 Inito
1404 2995 1639 3077 itaque
1688 2996 2086 3074 certamine,
2140 3004 2210 3061 et
2261 2996 2512 3062 ictibus
2551 2995 2815 3062 ictuum
2859 2995 3032 3060 assi-

1162 3092 1426 3158 duitate
1489 3095 1923 3177 compressis,
1993 3103 2152 3179 post
2216 3097 2380 3161 belli
2442 3097 2674 3161 varios
2747 3104 3034 3160 eventus

1163 3210 1394 3257 comes
1442 3201 1513 3258 et
1576 3194 1950 3273 comitissa,
2004 3195 2482 3273 Flandrenses,
2530 3195 2922 3261 Nox-manni
2966 3203 3034 3259 et

1169 3290 1419 3357 Franci
1447 3300 1519 3358 et
1550 3294 1669 3376 qui
1696 3314 1855 3358 cum
1882 3294 1983 3358 eis
2012 3302 2363 3373 venerant,
2397 3314 2630 3359 omnes
2671 3296 3035 3379 capiuntur

1163 3390 1429 3457 decimo
1481 3400 1682 3457 sexto
1743 3391 2072 3458 kalendas
2132 3393 2565 3460 Novembris.
2668 3394 3034 3460 eomitissa

1165 3509 1332 3556 vero
1388 3492 1716 3555 annulum
1770 3491 2031 3557 habens
2089 3493 2160 3557 in
2227 3493 2444 3576 digito
2516 3494 2894 3578 pretiosum
2964 3495 3033 3558 in

1167 3607 1435 3653 amnem
1493 3610 1704 3674 prope
1762 3590 2087 3657 fluentem
2141 3612 2284 3676 prae
2346 3592 2819 3676 indignatione
2876 3612 3033 3676 pro·

1159 3686 1354 3769 jecit,
1385 3688 1625 3753 nolens
1662 3690 1974 3755 hostibus
2023 3692 2167 3756 suis
2207 3693 2294 3757 de
2343 3713 2473 3758 sua
2519 3694 2831 3776 captione
2875 3701 3025 3756 tan-

1168 3790 1316 3847 tum
1375 3785 1626 3852 habere
1686 3797 2117 3872 proventum.
2232 3791 2540 3857 Tandem
2605 3812 2763 3876 pars
2814 3791 3030 3876 major

1174 3882 1697 3950 Flandrensium
1748 3889 2103 3967 occiditur,
2155 3910 2318 3973 pars
2372 3892 2685 3974 quaedam
2738 3893 3037 3955 submer-

1171 3981 1381 4064 gitur,
1414 4003 1575 4067 pars
1607 3985 1887 4050 minima
1921 3989 2010 4053 ad
2041 3989 2317 4054 vincula
2348 3992 2642 4056 trahitur
2665 3990 3038 4068 subeunda,

1171 4100 1308 4163 quo
1337 4085 1664 4148 carcerali
1697 4087 2030 4153 custodiae
2061 4089 2448 4173 deputetur.

1238 4243 1417 4325 Quod
1446 4267 1556 4312 rom
1586 4248 1900 4317 Heariom
1925 4252 2143 4319 multos
2171 4253 2427 4320 hostium
2452 4276 2699 4322 morum
2729 4259 2966 4343 σφω-εἶτ.

1481 4364 1499 4403 l

1273 4368 1470 4454 Rege
1572 4371 1959 4456 Anglorum
2030 4385 2227 4460 patre
2287 4380 2467 4463 apud
2529 4379 3035 4495 Rothomagum

1170 4481 1662 4550 commorante,
1723 4477 2112 4541 nuntiatum
2179 4488 2285 4542 est
2356 4481 2443 4557 ei,
2502 4481 2787 4544 electam
2859 4482 3037 4563 regis

1381 4629 1554 4696 ¹eReg
1528 4633 1882 4699 wrington-um]
1915 4637 1984 4687 D·
1969 4645 2115 4700 noeto,
2129 4641 2224 4691 col.
2247 4645 2376 4704 ⁵⁷⁴3
2411 4641 2672 4702 Hoveden,
2692 4646 2804 4691 535.
