<?xml version="1.0" encoding="UTF-8"?>
<!DOCTYPE html PUBLIC "-//W3C//DTD XHTML 1.0 Transitional//EN"
    "http://www.w3.org/TR/xhtml1/DTD/xhtml1-transitional.dtd">
<html xmlns="http://www.w3.org/1999/xhtml" xml:lang="en" lang="en">
 <head>
  <title>
</title>
<meta http-equiv="Content-Type" content="text/html;charset=utf-8" />
  <meta name='ocr-system' content='tesseract 3.04.00' />
  <meta name='ocr-capabilities' content='ocr_page ocr_carea ocr_par ocr_line ocrx_word'/>
</head>
<body>
  <div class='ocr_page' id='page_1' title='image "./rogeridewendove00wendgoog_0364.png"; bbox 0 0 3457 5887; ppageno 0'>
   <div class='ocr_carea' id='block_1_1' title="bbox 1153 831 2535 897">
    <p class='ocr_par' dir='ltr' id='par_1_1' title="bbox 1153 831 2535 897">
     <span class='ocr_line' id='line_1_1' title="bbox 1153 831 2535 897; baseline -0.004 0"><span class='ocrx_word' id='word_1_1' title='bbox 1153 831 1287 897; x_wconf 82' lang='lat'><strong>360</strong></span> <span class='ocrx_word' id='word_1_2' title='bbox 1668 845 1935 895; x_wconf 71' lang='lat' dir='ltr'><strong>nocam</strong></span> <span class='ocrx_word' id='word_1_3' title='bbox 1984 846 2077 893; x_wconf 75' lang='lat' dir='ltr'><strong>nn</strong></span> <span class='ocrx_word' id='word_1_4' title='bbox 2123 844 2535 894; x_wconf 70' lang='lat' dir='ltr'><strong>wnnnovan</strong></span> 
     </span>
    </p>
   </div>
   <div class='ocr_carea' id='block_1_2' title="bbox 847 1003 3047 1090">
    <p class='ocr_par' dir='ltr' id='par_1_2' title="bbox 847 1003 3047 1090">
     <span class='ocr_line' id='line_1_2' title="bbox 847 1003 3047 1090; baseline -0.003 -14"><span class='ocrx_word' id='word_1_5' title='bbox 847 1034 958 1076; x_wconf 50' lang='lat' dir='ltr'><strong>an.</strong></span> <span class='ocrx_word' id='word_1_6' title='bbox 979 1032 1090 1075; x_wconf 79' lang='lat' dir='ltr'><strong>nm.</strong></span> <span class='ocrx_word' id='word_1_7' title='bbox 1161 1004 1583 1090; x_wconf 78' lang='lat' dir='ltr'><strong>procederet,</strong></span> <span class='ocrx_word' id='word_1_8' title='bbox 1628 1004 1749 1069; x_wconf 87' lang='lat' dir='ltr'><strong>sed</strong></span> <span class='ocrx_word' id='word_1_9' title='bbox 1803 1004 1892 1070; x_wconf 90' lang='lat' dir='ltr'><strong>ad</strong></span> <span class='ocrx_word' id='word_1_10' title='bbox 1934 1024 2131 1069; x_wconf 87' lang='lat' dir='ltr'><strong>suam</strong></span> <span class='ocrx_word' id='word_1_11' title='bbox 2189 1004 2552 1070; x_wconf 87' lang='lat' dir='ltr'><strong>ecclesiam</strong></span> <span class='ocrx_word' id='word_1_12' title='bbox 2593 1003 2871 1086; x_wconf 87' lang='lat' dir='ltr'><strong>rediret;</strong></span> <span class='ocrx_word' id='word_1_13' title='bbox 2914 1006 3047 1089; x_wconf 87' lang='lat' dir='ltr'><strong>qui</strong></span> 
     </span>
    </p>
   </div>
   <div class='ocr_carea' id='block_1_3' title="bbox 852 1630 1098 1772">
    <p class='ocr_par' dir='ltr' id='par_1_3' title="bbox 852 1630 1098 1772">
     <span class='ocr_line' id='line_1_3' title="bbox 853 1630 1098 1671; baseline 0.004 -1"><span class='ocrx_word' id='word_1_14' title='bbox 853 1630 964 1671; x_wconf 59' lang='lat' dir='ltr'><strong>Aa).</strong></span> <span class='ocrx_word' id='word_1_15' title='bbox 984 1630 1098 1671; x_wconf 78' lang='lat' dir='ltr'><strong>lm.</strong></span> 
     </span>
     <span class='ocr_line' id='line_1_4' title="bbox 852 1681 1094 1772; baseline 0.004 -1"><span class='ocrx_word' id='word_1_16' title='bbox 852 1681 1094 1772; x_wconf 57' lang='lat' dir='ltr'><strong>aaz«</strong></span> 
     </span>
    </p>
   </div>
   <div class='ocr_carea' id='block_1_4' title="bbox 1166 1103 3046 1272">
    <p class='ocr_par' dir='ltr' id='par_1_4' title="bbox 1166 1103 3046 1272">
     <span class='ocr_line' id='line_1_5' title="bbox 1166 1103 3046 1271; baseline 0 -100"><span class='ocrx_word' id='word_1_17' title='bbox 1166 1104 1483 1271; x_wconf 40' lang='lat' dir='ltr'><strong>cantiam</strong></span> <span class='ocrx_word' id='word_1_18' title='bbox 1531 1112 1881 1238; x_wconf 58' lang='lat' dir='ltr'><strong>revertens</strong></span> <span class='ocrx_word' id='word_1_19' title='bbox 1931 1105 2029 1170; x_wconf 91' lang='lat' dir='ltr'><strong>ibi</strong></span> <span class='ocrx_word' id='word_1_20' title='bbox 2076 1104 2419 1189; x_wconf 76' lang='lat' dir='ltr'><strong>disposuit</strong></span> <span class='ocrx_word' id='word_1_21' title='bbox 2464 1104 2615 1171; x_wconf 87' lang='lat' dir='ltr'><strong>dies</strong></span> <span class='ocrx_word' id='word_1_22' title='bbox 2670 1103 2736 1169; x_wconf 83' lang='lat' dir='ltr'>N</span> <span class='ocrx_word' id='word_1_23' title='bbox 2739 1106 3046 1171; x_wconf 88' lang='lat' dir='ltr'><strong>atalitios</strong></span> 
     </span>
     <span class='ocr_line' id='line_1_6' title="bbox 1166 1208 1533 1272; baseline 0 -1"><span class='ocrx_word' id='word_1_24' title='bbox 1166 1225 1246 1271; x_wconf 89' lang='lat' dir='ltr'><strong>ce</strong></span> <span class='ocrx_word' id='word_1_25' title='bbox 1273 1208 1533 1272; x_wconf 87' lang='lat' dir='ltr'><strong>ebrare.</strong></span> 
     </span>
    </p>
   </div>
   <div class='ocr_carea' id='block_1_5' title="bbox 1167 1373 3060 3580">
    <p class='ocr_par' dir='ltr' id='par_1_5' title="bbox 1274 1373 2948 1466">
     <span class='ocr_line' id='line_1_7' title="bbox 1274 1373 2948 1466; baseline -0.002 -21"><span class='ocrx_word' id='word_1_26' title='bbox 1274 1379 1374 1444; x_wconf 76' lang='lat' dir='ltr'><strong>Do</strong></span> <span class='ocrx_word' id='word_1_27' title='bbox 1388 1378 1675 1466; x_wconf 68' lang='lat' dir='ltr'><strong>passione</strong></span> <span class='ocrx_word' id='word_1_28' title='bbox 1694 1376 1965 1465; x_wconf 65' lang='lat' dir='ltr'><strong>floriana</strong></span> <span class='ocrx_word' id='word_1_29' title='bbox 1994 1373 2157 1441; x_wconf 73' lang='lat' dir='ltr'><strong>boati</strong></span> <span class='ocrx_word' id='word_1_30' title='bbox 2190 1373 2447 1455; x_wconf 68' lang='lat' dir='ltr'><strong>ssomae,</strong></span> <span class='ocrx_word' id='word_1_31' title='bbox 2479 1374 2948 1441; x_wconf 54' lang='lat' dir='ltr'><strong>Cannar-buis</strong></span> 
     </span>
    </p>

    <p class='ocr_par' dir='ltr' id='par_1_6' title="bbox 1879 1474 2340 1562">
     <span class='ocr_line' id='line_1_8' title="bbox 1879 1474 2340 1562; baseline -0.002 -21"><span class='ocrx_word' id='word_1_32' title='bbox 1879 1474 2340 1562; x_wconf 69' lang='lat' dir='ltr'><strong>archiepiscopi.</strong></span> 
     </span>
    </p>

    <p class='ocr_par' dir='ltr' id='par_1_7' title="bbox 1167 1598 3060 3580">
     <span class='ocr_line' id='line_1_9' title="bbox 1268 1598 3053 1677; baseline -0.002 -8"><span class='ocrx_word' id='word_1_33' title='bbox 1268 1601 1477 1669; x_wconf 82' lang='lat' dir='ltr'><strong>Anno</strong></span> <span class='ocrx_word' id='word_1_34' title='bbox 1516 1600 1799 1667; x_wconf 88' lang='lat' dir='ltr'>Domini</span> <span class='ocrx_word' id='word_1_35' title='bbox 1845 1615 2162 1665; x_wconf 73' lang='lat' dir='ltr'><strong>ucnxxt.</strong></span> <span class='ocrx_word' id='word_1_36' title='bbox 2209 1600 2455 1664; x_wconf 84' lang='lat' dir='ltr'><strong>beatus</strong></span> <span class='ocrx_word' id='word_1_37' title='bbox 2499 1598 2831 1677; x_wconf 79' lang='lat' dir='ltr'><strong>Thomas,</strong></span> <span class='ocrx_word' id='word_1_38' title='bbox 2873 1600 3053 1665; x_wconf 85' lang='lat' dir='ltr'><strong>Can-</strong></span> 
     </span>
     <span class='ocr_line' id='line_1_10' title="bbox 1172 1698 3047 1784; baseline -0.002 -15"><span class='ocrx_word' id='word_1_39' title='bbox 1172 1703 1538 1769; x_wconf 88' lang='lat' dir='ltr'><strong>tuariensis</strong></span> <span class='ocrx_word' id='word_1_40' title='bbox 1604 1700 2187 1784; x_wconf 88' lang='lat' dir='ltr'><strong>archiepiscopus,</strong></span> <span class='ocrx_word' id='word_1_41' title='bbox 2252 1718 2636 1763; x_wconf 91' lang='lat' dir='ltr'><strong>sermonem</strong></span> <span class='ocrx_word' id='word_1_42' title='bbox 2699 1698 3047 1765; x_wconf 83' lang='lat' dir='ltr'><strong>habiturus</strong></span> 
     </span>
     <span class='ocr_line' id='line_1_11' title="bbox 1171 1798 3041 1887; baseline -0.002 -19"><span class='ocrx_word' id='word_1_43' title='bbox 1171 1804 1259 1868; x_wconf 90' lang='lat' dir='ltr'><strong>ad</strong></span> <span class='ocrx_word' id='word_1_44' title='bbox 1322 1802 1652 1887; x_wconf 90' lang='lat' dir='ltr'><strong>populum</strong></span> <span class='ocrx_word' id='word_1_45' title='bbox 1703 1801 1778 1864; x_wconf 88' lang='lat' dir='ltr'><strong>in</strong></span> <span class='ocrx_word' id='word_1_46' title='bbox 1835 1800 1946 1865; x_wconf 93' lang='lat' dir='ltr'><strong>die</strong></span> <span class='ocrx_word' id='word_1_47' title='bbox 2002 1799 2386 1863; x_wconf 79' lang='lat' dir='ltr'><strong>Dominicae</strong></span> <span class='ocrx_word' id='word_1_48' title='bbox 2451 1798 2834 1863; x_wconf 87' lang='lat' dir='ltr'><strong>nativitatis</strong></span> <span class='ocrx_word' id='word_1_49' title='bbox 2887 1802 3041 1883; x_wconf 92' lang='lat' dir='ltr'><strong>pul-</strong></span> 
     </span>
     <span class='ocr_line' id='line_1_12' title="bbox 1170 1893 3040 1988; baseline -0.002 -20"><span class='ocrx_word' id='word_1_50' title='bbox 1170 1903 1389 1988; x_wconf 91' lang='lat' dir='ltr'><strong>pitum</strong></span> <span class='ocrx_word' id='word_1_51' title='bbox 1424 1899 1758 1978; x_wconf 83' lang='lat' dir='ltr'><strong>ascendit,</strong></span> <span class='ocrx_word' id='word_1_52' title='bbox 1787 1907 1884 1977; x_wconf 90' lang='lat' dir='ltr'><strong>et,</strong></span> <span class='ocrx_word' id='word_1_53' title='bbox 1916 1893 1940 1931; x_wconf 85' lang='lat'>²</span> <span class='ocrx_word' id='word_1_54' title='bbox 1956 1918 2267 1964; x_wconf 89' lang='lat' dir='ltr'><strong>sermone</strong></span> <span class='ocrx_word' id='word_1_55' title='bbox 2299 1898 2671 1982; x_wconf 87' lang='lat' dir='ltr'><strong>completo,</strong></span> <span class='ocrx_word' id='word_1_56' title='bbox 2705 1898 3040 1981; x_wconf 83' lang='lat' dir='ltr'><strong>Nigellum</strong></span> 
     </span>
     <span class='ocr_line' id='line_1_13' title="bbox 1167 1997 3045 2080; baseline -0.002 -13"><span class='ocrx_word' id='word_1_57' title='bbox 1167 2002 1256 2067; x_wconf 88' lang='lat' dir='ltr'><strong>de</strong></span> <span class='ocrx_word' id='word_1_58' title='bbox 1297 2000 1714 2077; x_wconf 69' lang='lat' dir='ltr'><strong>sachevilla,</strong></span> <span class='ocrx_word' id='word_1_59' title='bbox 1756 1998 2061 2064; x_wconf 79' lang='lat' dir='ltr'><strong>ecclesiae</strong></span> <span class='ocrx_word' id='word_1_60' title='bbox 2104 1999 2189 2064; x_wconf 89' lang='lat' dir='ltr'><strong>de</strong></span> <span class='ocrx_word' id='word_1_61' title='bbox 2231 1997 2508 2080; x_wconf 77' lang='lat' dir='ltr'><strong>Hel-ges</strong></span> <span class='ocrx_word' id='word_1_62' title='bbox 2536 1998 2910 2063; x_wconf 87' lang='lat' dir='ltr'><strong>violentum</strong></span> <span class='ocrx_word' id='word_1_63' title='bbox 2938 2001 3045 2064; x_wconf 89' lang='lat' dir='ltr'><strong>in-</strong></span> 
     </span>
     <span class='ocr_line' id='line_1_14' title="bbox 1171 2097 3051 2184; baseline -0.001 -18"><span class='ocrx_word' id='word_1_64' title='bbox 1171 2103 1594 2178; x_wconf 88' lang='lat' dir='ltr'><strong>cubatorem,</strong></span> <span class='ocrx_word' id='word_1_65' title='bbox 1651 2107 1723 2164; x_wconf 93' lang='lat' dir='ltr'><strong>et</strong></span> <span class='ocrx_word' id='word_1_66' title='bbox 1774 2099 2081 2184; x_wconf 83' lang='lat' dir='ltr'><strong>ejusdem</strong></span> <span class='ocrx_word' id='word_1_67' title='bbox 2128 2097 2459 2164; x_wconf 88' lang='lat' dir='ltr'><strong>vicarium</strong></span> <span class='ocrx_word' id='word_1_68' title='bbox 2520 2098 2856 2176; x_wconf 75' lang='lat' dir='ltr'><strong>ecclesiae,</strong></span> <span class='ocrx_word' id='word_1_69' title='bbox 2911 2099 3051 2165; x_wconf 85' lang='lat' dir='ltr'><strong>Ro-</strong></span> 
     </span>
     <span class='ocr_line' id='line_1_15' title="bbox 1172 2198 3051 2285; baseline -0.001 -19"><span class='ocrx_word' id='word_1_70' title='bbox 1172 2202 1443 2266; x_wconf 91' lang='lat' dir='ltr'><strong>bertum</strong></span> <span class='ocrx_word' id='word_1_71' title='bbox 1475 2218 1750 2285; x_wconf 90' lang='lat' dir='ltr'><strong>quoque</strong></span> <span class='ocrx_word' id='word_1_72' title='bbox 1782 2199 1869 2264; x_wconf 92' lang='lat' dir='ltr'><strong>de</strong></span> <span class='ocrx_word' id='word_1_73' title='bbox 1910 2199 2116 2277; x_wconf 87' lang='lat' dir='ltr'>Broc,</span> <span class='ocrx_word' id='word_1_74' title='bbox 2149 2199 2269 2281; x_wconf 88' lang='lat' dir='ltr'><strong>qui</strong></span> <span class='ocrx_word' id='word_1_75' title='bbox 2300 2217 2555 2282; x_wconf 89' lang='lat' dir='ltr'><strong>equum</strong></span> <span class='ocrx_word' id='word_1_76' title='bbox 2582 2198 2929 2283; x_wconf 88' lang='lat' dir='ltr'><strong>quendam</strong></span> <span class='ocrx_word' id='word_1_77' title='bbox 2958 2200 3051 2284; x_wconf 86' lang='lat' dir='ltr'><strong>ip-</strong></span> 
     </span>
     <span class='ocr_line' id='line_1_16' title="bbox 1175 2298 3055 2384; baseline -0.001 -19"><span class='ocrx_word' id='word_1_78' title='bbox 1175 2301 1321 2365; x_wconf 85' lang='lat' dir='ltr'><strong>sius</strong></span> <span class='ocrx_word' id='word_1_79' title='bbox 1377 2298 1872 2384; x_wconf 87' lang='lat' dir='ltr'><strong>archiepiscopi</strong></span> <span class='ocrx_word' id='word_1_80' title='bbox 1932 2298 2261 2364; x_wconf 78' lang='lat' dir='ltr'><strong>victualia</strong></span> <span class='ocrx_word' id='word_1_81' title='bbox 2313 2298 2732 2363; x_wconf 86' lang='lat' dir='ltr'><strong>deferentem</strong></span> <span class='ocrx_word' id='word_1_82' title='bbox 2793 2299 2881 2363; x_wconf 90' lang='lat' dir='ltr'><strong>ad</strong></span> <span class='ocrx_word' id='word_1_83' title='bbox 2936 2299 3055 2365; x_wconf 88' lang='lat' dir='ltr'><strong>de-</strong></span> 
     </span>
     <span class='ocr_line' id='line_1_17' title="bbox 1173 2396 3056 2483; baseline -0.001 -18"><span class='ocrx_word' id='word_1_84' title='bbox 1173 2401 1385 2465; x_wconf 85' lang='lat' dir='ltr'><strong>decus</strong></span> <span class='ocrx_word' id='word_1_85' title='bbox 1435 2408 1507 2465; x_wconf 91' lang='lat' dir='ltr'><strong>et</strong></span> <span class='ocrx_word' id='word_1_86' title='bbox 1547 2399 1992 2482; x_wconf 82' lang='lat' dir='ltr'><strong>ignominiam</strong></span> <span class='ocrx_word' id='word_1_87' title='bbox 2042 2398 2192 2483; x_wconf 84' lang='lat' dir='ltr'><strong>ejus</strong></span> <span class='ocrx_word' id='word_1_88' title='bbox 2246 2396 2748 2476; x_wconf 85' lang='lat' dir='ltr'><strong>decurtaverat,</strong></span> <span class='ocrx_word' id='word_1_89' title='bbox 2802 2399 3056 2464; x_wconf 86' lang='lat' dir='ltr'><strong>solem-</strong></span> 
     </span>
     <span class='ocr_line' id='line_1_18' title="bbox 1175 2497 3049 2581; baseline 0.001 -17"><span class='ocrx_word' id='word_1_90' title='bbox 1175 2501 1353 2565; x_wconf 87' lang='lat' dir='ltr'><strong>niter</strong></span> <span class='ocrx_word' id='word_1_91' title='bbox 1382 2497 2027 2565; x_wconf 82' lang='lat' dir='ltr'><strong>excommunicavit.</strong></span> <span class='ocrx_word' id='word_1_92' title='bbox 2105 2497 2376 2577; x_wconf 83' lang='lat' dir='ltr'><strong>Quibus</strong></span> <span class='ocrx_word' id='word_1_93' title='bbox 2402 2499 2501 2562; x_wconf 88' lang='lat' dir='ltr'><strong>ita</strong></span> <span class='ocrx_word' id='word_1_94' title='bbox 2534 2498 2771 2579; x_wconf 85' lang='lat' dir='ltr'><strong>gestis,</strong></span> <span class='ocrx_word' id='word_1_95' title='bbox 2801 2499 3049 2581; x_wconf 89' lang='lat' dir='ltr'><strong>quinto</strong></span> 
     </span>
     <span class='ocr_line' id='line_1_19' title="bbox 1174 2596 3041 2680; baseline 0 -17"><span class='ocrx_word' id='word_1_96' title='bbox 1174 2598 1285 2663; x_wconf 91' lang='lat' dir='ltr'><strong>die</strong></span> <span class='ocrx_word' id='word_1_97' title='bbox 1331 2598 1720 2664; x_wconf 76' lang='lat' dir='ltr'><strong>Dominicoe</strong></span> <span class='ocrx_word' id='word_1_98' title='bbox 1766 2598 2175 2675; x_wconf 78' lang='lat' dir='ltr'><strong>nativitatis,</strong></span> <span class='ocrx_word' id='word_1_99' title='bbox 2211 2597 2397 2661; x_wconf 91' lang='lat' dir='ltr'><strong>circa</strong></span> <span class='ocrx_word' id='word_1_100' title='bbox 2436 2596 2661 2661; x_wconf 89' lang='lat' dir='ltr'><strong>horam</strong></span> <span class='ocrx_word' id='word_1_101' title='bbox 2706 2599 3041 2680; x_wconf 83' lang='lat' dir='ltr'><strong>vesperti-</strong></span> 
     </span>
     <span class='ocr_line' id='line_1_20' title="bbox 1174 2696 3040 2782; baseline -0.001 -20"><span class='ocrx_word' id='word_1_102' title='bbox 1174 2717 1356 2777; x_wconf 89' lang='lat' dir='ltr'><strong>nam,</strong></span> <span class='ocrx_word' id='word_1_103' title='bbox 1383 2718 1540 2762; x_wconf 91' lang='lat' dir='ltr'><strong>cum</strong></span> <span class='ocrx_word' id='word_1_104' title='bbox 1569 2697 2126 2782; x_wconf 79' lang='lat' dir='ltr'><strong>archiepiscopus</strong></span> <span class='ocrx_word' id='word_1_105' title='bbox 2154 2715 2309 2761; x_wconf 92' lang='lat' dir='ltr'><strong>cum</strong></span> <span class='ocrx_word' id='word_1_106' title='bbox 2337 2696 2599 2761; x_wconf 84' lang='lat' dir='ltr'><strong>clericis</strong></span> <span class='ocrx_word' id='word_1_107' title='bbox 2621 2697 2763 2761; x_wconf 85' lang='lat' dir='ltr'><strong>suis</strong></span> <span class='ocrx_word' id='word_1_108' title='bbox 2791 2698 2864 2760; x_wconf 92' lang='lat' dir='ltr'><strong>in</strong></span> <span class='ocrx_word' id='word_1_109' title='bbox 2883 2697 3040 2761; x_wconf 90' lang='lat' dir='ltr'><strong>tha-</strong></span> 
     </span>
     <span class='ocr_line' id='line_1_21' title="bbox 1177 2795 3044 2879; baseline -0.001 -18"><span class='ocrx_word' id='word_1_110' title='bbox 1177 2797 1360 2862; x_wconf 90' lang='lat' dir='ltr'><strong>lamo</strong></span> <span class='ocrx_word' id='word_1_111' title='bbox 1405 2798 1760 2875; x_wconf 86' lang='lat' dir='ltr'><strong>resideret,</strong></span> <span class='ocrx_word' id='word_1_112' title='bbox 1793 2796 2183 2862; x_wconf 84' lang='lat' dir='ltr'><strong>Willelmus</strong></span> <span class='ocrx_word' id='word_1_113' title='bbox 2224 2796 2311 2861; x_wconf 91' lang='lat' dir='ltr'><strong>de</strong></span> <span class='ocrx_word' id='word_1_114' title='bbox 2348 2795 2578 2873; x_wconf 88' lang='lat' dir='ltr'><strong>Traci,</strong></span> <span class='ocrx_word' id='word_1_115' title='bbox 2619 2795 3044 2879; x_wconf 76' lang='lat' dir='ltr'><strong>Reginaldus</strong></span> 
     </span>
     <span class='ocr_line' id='line_1_22' title="bbox 1179 2895 3055 2981; baseline -0.001 -18"><span class='ocrx_word' id='word_1_116' title='bbox 1179 2896 1360 2963; x_wconf 85' lang='lat' dir='ltr'><strong>filius</strong></span> <span class='ocrx_word' id='word_1_117' title='bbox 1401 2897 1594 2975; x_wconf 88' lang='lat' dir='ltr'><strong>Ursi,</strong></span> <span class='ocrx_word' id='word_1_118' title='bbox 1629 2896 1847 2981; x_wconf 85' lang='lat' dir='ltr'><strong>Hugo</strong></span> <span class='ocrx_word' id='word_1_119' title='bbox 1884 2896 1970 2962; x_wconf 90' lang='lat' dir='ltr'><strong>de</strong></span> <span class='ocrx_word' id='word_1_120' title='bbox 2015 2895 2344 2963; x_wconf 82' lang='lat' dir='ltr'><strong>Morvilla</strong></span> <span class='ocrx_word' id='word_1_121' title='bbox 2377 2903 2451 2962; x_wconf 89' lang='lat' dir='ltr'><strong>et</strong></span> <span class='ocrx_word' id='word_1_122' title='bbox 2481 2895 2871 2962; x_wconf 82' lang='lat' dir='ltr'><strong>Richardus</strong></span> <span class='ocrx_word' id='word_1_123' title='bbox 2897 2897 3055 2962; x_wconf 86' lang='lat' dir='ltr'><strong>Bri-</strong></span> 
     </span>
     <span class='ocr_line' id='line_1_23' title="bbox 1180 2996 3059 3079; baseline 0 -17"><span class='ocrx_word' id='word_1_124' title='bbox 1180 3006 1277 3076; x_wconf 88' lang='lat' dir='ltr'><strong>to,</strong></span> <span class='ocrx_word' id='word_1_125' title='bbox 1316 2996 1404 3062; x_wconf 77' lang='lat' dir='ltr'><strong>de</strong></span> <span class='ocrx_word' id='word_1_126' title='bbox 1455 2997 1888 3063; x_wconf 90' lang='lat' dir='ltr'><strong>Normannia</strong></span> <span class='ocrx_word' id='word_1_127' title='bbox 1930 2997 2307 3074; x_wconf 89' lang='lat' dir='ltr'><strong>venientes,</strong></span> <span class='ocrx_word' id='word_1_128' title='bbox 2349 3003 2682 3079; x_wconf 86' lang='lat' dir='ltr'><strong>tanquam</strong></span> <span class='ocrx_word' id='word_1_129' title='bbox 2727 2996 2908 3061; x_wconf 86' lang='lat' dir='ltr'><strong>furia</strong></span> <span class='ocrx_word' id='word_1_130' title='bbox 2958 2998 3059 3062; x_wconf 88' lang='lat' dir='ltr'><strong>in·</strong></span> 
     </span>
     <span class='ocr_line' id='line_1_24' title="bbox 1169 3095 3060 3180; baseline 0.001 -19"><span class='ocrx_word' id='word_1_131' title='bbox 1169 3095 1341 3180; x_wconf 83' lang='lat' dir='ltr'><strong>jecti</strong></span> <span class='ocrx_word' id='word_1_132' title='bbox 1382 3097 1611 3162; x_wconf 87' lang='lat' dir='ltr'><strong>subito</strong></span> <span class='ocrx_word' id='word_1_133' title='bbox 1653 3097 1725 3160; x_wconf 90' lang='lat' dir='ltr'><strong>in</strong></span> <span class='ocrx_word' id='word_1_134' title='bbox 1769 3095 2146 3160; x_wconf 86' lang='lat' dir='ltr'><strong>thalamum</strong></span> <span class='ocrx_word' id='word_1_135' title='bbox 2191 3096 2608 3178; x_wconf 86' lang='lat' dir='ltr'><strong>irruperunt,</strong></span> <span class='ocrx_word' id='word_1_136' title='bbox 2655 3095 3060 3162; x_wconf 86' lang='lat' dir='ltr'><strong>denuntian-</strong></span> 
     </span>
     <span class='ocr_line' id='line_1_25' title="bbox 1181 3188 3060 3280; baseline 0.001 -21"><span class='ocrx_word' id='word_1_137' title='bbox 1181 3203 1286 3259; x_wconf 88' lang='lat' dir='ltr'><strong>tes</strong></span> <span class='ocrx_word' id='word_1_138' title='bbox 1320 3188 1443 3260; x_wconf 83' lang='lat' dir='ltr'><strong>³ex</strong></span> <span class='ocrx_word' id='word_1_139' title='bbox 1479 3203 1677 3279; x_wconf 88' lang='lat' dir='ltr'><strong>parte</strong></span> <span class='ocrx_word' id='word_1_140' title='bbox 1714 3194 1922 3277; x_wconf 74' lang='lat' dir='ltr'><strong>regia,</strong></span> <span class='ocrx_word' id='word_1_141' title='bbox 1957 3201 2037 3258; x_wconf 92' lang='lat' dir='ltr'><strong>ut</strong></span> <span class='ocrx_word' id='word_1_142' title='bbox 2067 3193 2424 3278; x_wconf 87' lang='lat' dir='ltr'><strong>episcopos</strong></span> <span class='ocrx_word' id='word_1_143' title='bbox 2459 3192 2740 3277; x_wconf 80' lang='lat' dir='ltr'><strong>Angliae</strong></span> <span class='ocrx_word' id='word_1_144' title='bbox 2774 3216 3060 3280; x_wconf 86' lang='lat' dir='ltr'><strong>suspen-</strong></span> 
     </span>
     <span class='ocr_line' id='line_1_26' title="bbox 1179 3294 3058 3361; baseline 0.001 -2"><span class='ocrx_word' id='word_1_145' title='bbox 1179 3314 1297 3360; x_wconf 89' lang='lat' dir='ltr'><strong>sos</strong></span> <span class='ocrx_word' id='word_1_146' title='bbox 1325 3294 1548 3360; x_wconf 89' lang='lat' dir='ltr'><strong>officio</strong></span> <span class='ocrx_word' id='word_1_147' title='bbox 1590 3314 1717 3359; x_wconf 88' lang='lat' dir='ltr'><strong>suo</strong></span> <span class='ocrx_word' id='word_1_148' title='bbox 1749 3294 2144 3359; x_wconf 88' lang='lat' dir='ltr'><strong>restitueret</strong></span> <span class='ocrx_word' id='word_1_149' title='bbox 2172 3301 2244 3358; x_wconf 87' lang='lat' dir='ltr'><strong>et</strong></span> <span class='ocrx_word' id='word_1_150' title='bbox 2274 3294 2911 3361; x_wconf 84' lang='lat' dir='ltr'><strong>excommunicatos</strong></span> <span class='ocrx_word' id='word_1_151' title='bbox 2946 3298 3058 3361; x_wconf 88' lang='lat' dir='ltr'><strong>ab·</strong></span> 
     </span>
     <span class='ocr_line' id='line_1_27' title="bbox 1181 3392 3055 3479; baseline 0.001 -20"><span class='ocrx_word' id='word_1_152' title='bbox 1181 3394 1482 3459; x_wconf 88' lang='lat' dir='ltr'><strong>solveret</strong></span> <span class='ocrx_word' id='word_1_153' title='bbox 1514 3415 1533 3475; x_wconf 76' lang='grc' dir='ltr'>ς</span> <span class='ocrx_word' id='word_1_154' title='bbox 1595 3395 1845 3478; x_wconf 84' lang='lat' dir='ltr'><strong>quibus</strong></span> <span class='ocrx_word' id='word_1_155' title='bbox 1901 3392 2253 3477; x_wconf 89' lang='lat' dir='ltr'><strong>respondit</strong></span> <span class='ocrx_word' id='word_1_156' title='bbox 2298 3393 2884 3479; x_wconf 86' lang='lat' dir='ltr'><strong>archiepiscopus,</strong></span> <span class='ocrx_word' id='word_1_157' title='bbox 2926 3416 3055 3462; x_wconf 94' lang='lat' dir='ltr'><strong>non</strong></span> 
     </span>
     <span class='ocr_line' id='line_1_28' title="bbox 1181 3492 3058 3580; baseline 0.002 -22"><span class='ocrx_word' id='word_1_158' title='bbox 1181 3512 1334 3559; x_wconf 89' lang='lat' dir='ltr'><strong>esse</strong></span> <span class='ocrx_word' id='word_1_159' title='bbox 1377 3494 1634 3580; x_wconf 83' lang='lat' dir='ltr'><strong>judicis</strong></span> <span class='ocrx_word' id='word_1_160' title='bbox 1683 3492 2024 3559; x_wconf 79' lang='lat' dir='ltr'><strong>inferioris</strong></span> <span class='ocrx_word' id='word_1_161' title='bbox 2066 3501 2147 3558; x_wconf 92' lang='lat' dir='ltr'><strong>ut</strong></span> <span class='ocrx_word' id='word_1_162' title='bbox 2200 3512 2246 3557; x_wconf 90' lang='lat' dir='ltr'><strong>a</strong></span> <span class='ocrx_word' id='word_1_163' title='bbox 2291 3496 2638 3560; x_wconf 87' lang='lat' dir='ltr'><strong>sententia</strong></span> <span class='ocrx_word' id='word_1_164' title='bbox 2694 3497 3058 3578; x_wconf 87' lang='lat' dir='ltr'><strong>superioris</strong></span> 
     </span>
    </p>
   </div>
   <div class='ocr_carea' id='block_1_6' title="bbox 1178 3715 3063 4616">
    <p class='ocr_par' dir='ltr' id='par_1_8' title="bbox 1178 3715 3063 4201">
     <span class='ocr_line' id='line_1_29' title="bbox 1251 3715 3051 3781; baseline 0.001 -15"><span class='ocrx_word' id='word_1_165' title='bbox 1251 3715 1267 3745; x_wconf 85' lang='lat'>⁸</span> <span class='ocrx_word' id='word_1_166' title='bbox 1296 3716 1590 3779; x_wconf 55' lang='lat' dir='ltr'><strong>Celebrate]</strong></span> <span class='ocrx_word' id='word_1_167' title='bbox 1634 3718 1786 3767; x_wconf 79' lang='lat' dir='ltr'><strong>Paris</strong></span> <span class='ocrx_word' id='word_1_168' title='bbox 1806 3717 1901 3766; x_wconf 78' lang='lat' dir='ltr'><strong>has</strong></span> <span class='ocrx_word' id='word_1_169' title='bbox 1921 3717 2101 3767; x_wconf 66' lang='lat' dir='ltr'><strong>ineen-</strong></span> <span class='ocrx_word' id='word_1_170' title='bbox 2146 3719 2198 3765; x_wconf 84' lang='lat' dir='ltr'><strong>to</strong></span> <span class='ocrx_word' id='word_1_171' title='bbox 2218 3716 2261 3765; x_wconf 89' lang='lat' dir='ltr'><strong>it</strong></span> <span class='ocrx_word' id='word_1_172' title='bbox 2278 3716 2452 3766; x_wconf 85' lang='lat' dir='ltr'><strong>would</strong></span> <span class='ocrx_word' id='word_1_173' title='bbox 2472 3732 2683 3781; x_wconf 79' lang='lat' dir='ltr'><strong>appear,</strong></span> <span class='ocrx_word' id='word_1_174' title='bbox 2705 3718 2814 3768; x_wconf 81' lang='lat' dir='ltr'><strong>that</strong></span> <span class='ocrx_word' id='word_1_175' title='bbox 2832 3717 2954 3768; x_wconf 67' lang='lat' dir='ltr'><strong>after</strong></span> <span class='ocrx_word' id='word_1_176' title='bbox 2970 3719 3051 3768; x_wconf 77' lang='lat' dir='ltr'><strong>his</strong></span> 
     </span>
     <span class='ocr_line' id='line_1_30' title="bbox 1178 3785 3061 3839; baseline 0.002 -3"><span class='ocrx_word' id='word_1_177' title='bbox 1178 3786 1244 3836; x_wconf 87' lang='lat' dir='ltr'><strong>ed</strong></span> <span class='ocrx_word' id='word_1_178' title='bbox 1276 3785 1395 3836; x_wconf 85' lang='lat' dir='ltr'><strong>here</strong></span> <span class='ocrx_word' id='word_1_179' title='bbox 1427 3802 1494 3836; x_wconf 82' lang='lat' dir='ltr'><strong>an</strong></span> <span class='ocrx_word' id='word_1_180' title='bbox 1525 3792 1742 3837; x_wconf 83' lang='lat' dir='ltr'><strong>account</strong></span> <span class='ocrx_word' id='word_1_181' title='bbox 1771 3785 1920 3836; x_wconf 80' lang='lat' dir='ltr'><strong>osan</strong></span> <span class='ocrx_word' id='word_1_182' title='bbox 1952 3787 2102 3836; x_wconf 75' lang='lat' dir='ltr'><strong>inter-</strong></span> <span class='ocrx_word' id='word_1_183' title='bbox 2146 3787 2426 3837; x_wconf 76' lang='lat' dir='ltr'><strong>sermonhe</strong></span> <span class='ocrx_word' id='word_1_184' title='bbox 2458 3788 3061 3839; x_wconf 69' lang='lat' dir='ltr'><strong>mademofafoemof</strong></span> 
     </span>
     <span class='ocr_line' id='line_1_31' title="bbox 1179 3856 3059 3921; baseline 0.003 -17"><span class='ocrx_word' id='word_1_185' title='bbox 1179 3857 1310 3905; x_wconf 84' lang='lat' dir='ltr'><strong>view</strong></span> <span class='ocrx_word' id='word_1_186' title='bbox 1326 3857 1557 3906; x_wconf 77' lang='lat' dir='ltr'><strong>between</strong></span> <span class='ocrx_word' id='word_1_187' title='bbox 1579 3857 1776 3906; x_wconf 85' lang='lat' dir='ltr'><strong>Becket</strong></span> <span class='ocrx_word' id='word_1_188' title='bbox 1795 3857 1897 3906; x_wconf 85' lang='lat' dir='ltr'><strong>and</strong></span> <span class='ocrx_word' id='word_1_189' title='bbox 1911 3856 2100 3918; x_wconf 86' lang='lat' dir='ltr'><strong>Simon,</strong></span> <span class='ocrx_word' id='word_1_190' title='bbox 2148 3856 2371 3918; x_wconf 72' lang='lat' dir='ltr'><strong>Bidding</strong></span> <span class='ocrx_word' id='word_1_191' title='bbox 2394 3858 2606 3921; x_wconf 76' lang='lat' dir='ltr'><strong>Prayer,</strong></span> <span class='ocrx_word' id='word_1_192' title='bbox 2625 3858 2795 3908; x_wconf 82' lang='lat' dir='ltr'><strong>which</strong></span> <span class='ocrx_word' id='word_1_193' title='bbox 2816 3874 2922 3908; x_wconf 74' lang='lat' dir='ltr'><strong>was</strong></span> <span class='ocrx_word' id='word_1_194' title='bbox 2940 3860 3059 3908; x_wconf 86' lang='lat' dir='ltr'><strong>then</strong></span> 
     </span>
     <span class='ocr_line' id='line_1_32' title="bbox 1179 3921 3059 3992; baseline 0.002 -16"><span class='ocrx_word' id='word_1_195' title='bbox 1179 3927 1332 3976; x_wconf 82' lang='lat' dir='ltr'><strong>abbot</strong></span> <span class='ocrx_word' id='word_1_196' title='bbox 1361 3926 1420 3974; x_wconf 76' lang='lat' dir='ltr'><strong>of</strong></span> <span class='ocrx_word' id='word_1_197' title='bbox 1446 3926 1501 3976; x_wconf 87' lang='lat' dir='ltr'><strong>S.</strong></span> <span class='ocrx_word' id='word_1_198' title='bbox 1528 3921 1759 3987; x_wconf 78' lang='lat' dir='ltr'><strong>Albau’s,</strong></span> <span class='ocrx_word' id='word_1_199' title='bbox 1778 3931 1835 3975; x_wconf 87' lang='lat' dir='ltr'><strong>at</strong></span> <span class='ocrx_word' id='word_1_200' title='bbox 1864 3941 1898 3975; x_wconf 90' lang='lat' dir='ltr'><strong>a</strong></span> <span class='ocrx_word' id='word_1_201' title='bbox 1930 3940 2101 3976; x_wconf 85' lang='lat' dir='ltr'><strong>manor</strong></span> <span class='ocrx_word' id='word_1_202' title='bbox 2147 3932 2463 3989; x_wconf 77' lang='lat' dir='ltr'><strong>customary;</strong></span> <span class='ocrx_word' id='word_1_203' title='bbox 2510 3927 2574 3977; x_wconf 88' lang='lat' dir='ltr'><strong>he</strong></span> <span class='ocrx_word' id='word_1_204' title='bbox 2618 3943 2759 3992; x_wconf 73' lang='lat' dir='ltr'><strong>says,</strong></span> <span class='ocrx_word' id='word_1_205' title='bbox 2787 3931 2808 3958; x_wconf 90' lang='lat'>‘</span> <span class='ocrx_word' id='word_1_206' title='bbox 2828 3931 3059 3979; x_wconf 85' lang='lat' dir='ltr'><strong>Sermone</strong></span> 
     </span>
     <span class='ocr_line' id='line_1_33' title="bbox 1181 3995 3063 4062; baseline 0.002 -17"><span class='ocrx_word' id='word_1_207' title='bbox 1181 3995 1450 4057; x_wconf 74' lang='lat' dir='ltr'><strong>belonging</strong></span> <span class='ocrx_word' id='word_1_208' title='bbox 1471 4002 1522 4046; x_wconf 93' lang='lat' dir='ltr'><strong>to</strong></span> <span class='ocrx_word' id='word_1_209' title='bbox 1538 3996 1622 4045; x_wconf 89' lang='lat' dir='ltr'><strong>the</strong></span> <span class='ocrx_word' id='word_1_210' title='bbox 1643 3995 1966 4058; x_wconf 79' lang='lat' dir='ltr'><strong>arcbbishop,</strong></span> <span class='ocrx_word' id='word_1_211' title='bbox 1980 3997 2103 4045; x_wconf 84' lang='lat' dir='ltr'><strong>call·</strong></span> <span class='ocrx_word' id='word_1_212' title='bbox 2146 3997 2413 4060; x_wconf 87' lang='lat' dir='ltr'><strong>completo,</strong></span> <span class='ocrx_word' id='word_1_213' title='bbox 2443 3998 2755 4048; x_wconf 73' lang='lat' dir='ltr'><strong>orationibus</strong></span> <span class='ocrx_word' id='word_1_214' title='bbox 2795 4002 3063 4062; x_wconf 72' lang='lat' dir='ltr'><strong>consuetis,</strong></span> 
     </span>
     <span class='ocr_line' id='line_1_34' title="bbox 1179 4064 3060 4132; baseline 0.003 -19"><span class='ocrx_word' id='word_1_215' title='bbox 1179 4065 1245 4114; x_wconf 88' lang='lat' dir='ltr'><strong>ed</strong></span> <span class='ocrx_word' id='word_1_216' title='bbox 1279 4065 1493 4130; x_wconf 80' lang='lat' dir='ltr'><strong>Hawes,</strong></span> <span class='ocrx_word' id='word_1_217' title='bbox 1525 4080 1676 4115; x_wconf 77' lang='lat' dir='ltr'><strong>seven</strong></span> <span class='ocrx_word' id='word_1_218' title='bbox 1705 4065 1853 4115; x_wconf 84' lang='lat' dir='ltr'><strong>miles</strong></span> <span class='ocrx_word' id='word_1_219' title='bbox 1883 4064 2012 4115; x_wconf 79' lang='lat' dir='ltr'><strong>from</strong></span> <span class='ocrx_word' id='word_1_220' title='bbox 2043 4067 2096 4116; x_wconf 85' lang='lat' dir='ltr'><strong>S.</strong></span> <span class='ocrx_word' id='word_1_221' title='bbox 2146 4067 2340 4116; x_wconf 76' lang='lat' dir='ltr'><strong>scilicet</strong></span> <span class='ocrx_word' id='word_1_222' title='bbox 2359 4082 2452 4129; x_wconf 88' lang='lat' dir='ltr'><strong>pro</strong></span> <span class='ocrx_word' id='word_1_223' title='bbox 2471 4068 2673 4117; x_wconf 81' lang='lat' dir='ltr'><strong>domino</strong></span> <span class='ocrx_word' id='word_1_224' title='bbox 2693 4084 2849 4132; x_wconf 85' lang='lat' dir='ltr'><strong>papa,</strong></span> <span class='ocrx_word' id='word_1_225' title='bbox 2873 4085 2965 4132; x_wconf 87' lang='lat' dir='ltr'><strong>pro</strong></span> <span class='ocrx_word' id='word_1_226' title='bbox 2984 4085 3060 4118; x_wconf 76' lang='lat' dir='ltr'><strong>re-</strong></span> 
     </span>
     <span class='ocr_line' id='line_1_35' title="bbox 1181 4134 3056 4201; baseline 0.003 -17"><span class='ocrx_word' id='word_1_227' title='bbox 1181 4134 1413 4185; x_wconf 77' lang='lat' dir='ltr'><strong>Albau’s.</strong></span> <span class='ocrx_word' id='word_1_228' title='bbox 2148 4150 2230 4197; x_wconf 70' lang='lat'><strong>80,</strong></span> <span class='ocrx_word' id='word_1_229' title='bbox 2275 4151 2367 4199; x_wconf 79' lang='lat' dir='ltr'><strong>Pro</strong></span> <span class='ocrx_word' id='word_1_230' title='bbox 2408 4151 2536 4198; x_wconf 79' lang='lat' dir='ltr'><strong>pace</strong></span> <span class='ocrx_word' id='word_1_231' title='bbox 2577 4140 2856 4201; x_wconf 84' lang='lat' dir='ltr'><strong>populique</strong></span> <span class='ocrx_word' id='word_1_232' title='bbox 2898 4141 3056 4189; x_wconf 71' lang='lat' dir='ltr'><strong>salute</strong></span> 
     </span>
    </p>

    <p class='ocr_par' dir='ltr' id='par_1_9' title="bbox 1179 4201 3060 4616">
     <span class='ocr_line' id='line_1_36' title="bbox 1248 4201 2834 4268; baseline 0.003 -13"><span class='ocrx_word' id='word_1_233' title='bbox 1248 4201 1512 4255; x_wconf 67' lang='lat' dir='ltr'><strong>&#39;Ser-noae</strong></span> <span class='ocrx_word' id='word_1_234' title='bbox 1551 4205 1797 4268; x_wconf 67' lang='grc' dir='ltr'><strong>εοιιρὶιίο.</strong></span> <span class='ocrx_word' id='word_1_235' title='bbox 1828 4204 1852 4268; x_wconf 93' lang='grc'>]</span> <span class='ocrx_word' id='word_1_236' title='bbox 1908 4205 1972 4253; x_wconf 89' lang='lat' dir='ltr'><strong>In</strong></span> <span class='ocrx_word' id='word_1_237' title='bbox 2014 4204 2099 4253; x_wconf 90' lang='lat' dir='ltr'><strong>the</strong></span> <span class='ocrx_word' id='word_1_238' title='bbox 2146 4204 2275 4254; x_wconf 80' lang='lat' dir='ltr'><strong>fusis</strong></span> <span class='ocrx_word' id='word_1_239' title='bbox 2296 4207 2360 4255; x_wconf 87' lang='lat' dir='ltr'><strong>ad</strong></span> <span class='ocrx_word' id='word_1_240' title='bbox 2384 4207 2657 4256; x_wconf 89' lang='lat' dir='ltr'><strong>Dominum</strong></span> <span class='ocrx_word' id='word_1_241' title='bbox 2674 4208 2711 4268; x_wconf 72' lang='grc' dir='ltr'><strong>ς’</strong></span> <span class='ocrx_word' id='word_1_242' title='bbox 2734 4215 2834 4259; x_wconf 84' lang='lat' dir='ltr'><strong>etc.</strong></span> 
     </span>
     <span class='ocr_line' id='line_1_37' title="bbox 1184 4271 3055 4347; baseline 0.002 -22"><span class='ocrx_word' id='word_1_243' title='bbox 1184 4275 1529 4337; x_wconf 73' lang='lat' dir='ltr'><strong>Quadrilogus</strong></span> <span class='ocrx_word' id='word_1_244' title='bbox 1552 4275 1657 4323; x_wconf 81' lang='lat' dir='ltr'><strong>itis</strong></span> <span class='ocrx_word' id='word_1_245' title='bbox 1679 4275 1793 4324; x_wconf 85' lang='lat' dir='ltr'><strong>said</strong></span> <span class='ocrx_word' id='word_1_246' title='bbox 1816 4274 2097 4324; x_wconf 86' lang='lat' dir='ltr'><strong>thatattbe</strong></span> <span class='ocrx_word' id='word_1_247' title='bbox 2215 4272 2239 4306; x_wconf 84' lang='lat'>⁸</span> <span class='ocrx_word' id='word_1_248' title='bbox 2263 4276 2345 4324; x_wconf 68' lang='lat' dir='ltr'><strong>Etr</strong></span> <span class='ocrx_word' id='word_1_249' title='bbox 2375 4282 2515 4340; x_wconf 75' lang='lat' dir='ltr'><strong>pum</strong></span> <span class='ocrx_word' id='word_1_250' title='bbox 2542 4271 2736 4347; x_wconf 60' lang='lat' dir='ltr'><strong>regia]</strong></span> <span class='ocrx_word' id='word_1_251' title='bbox 2770 4280 2869 4329; x_wconf 78' lang='lat' dir='ltr'><strong>For</strong></span> <span class='ocrx_word' id='word_1_252' title='bbox 2898 4295 2930 4328; x_wconf 86' lang='lat' dir='ltr'><strong>a</strong></span> <span class='ocrx_word' id='word_1_253' title='bbox 2962 4279 3055 4328; x_wconf 81' lang='lat' dir='ltr'><strong>suu</strong></span> 
     </span>
     <span class='ocr_line' id='line_1_38' title="bbox 1179 4342 3060 4409; baseline 0.002 -15"><span class='ocrx_word' id='word_1_254' title='bbox 1179 4345 1284 4394; x_wconf 81' lang='lat' dir='ltr'><strong>eud</strong></span> <span class='ocrx_word' id='word_1_255' title='bbox 1313 4342 1373 4394; x_wconf 81' lang='lat' dir='ltr'><strong>of</strong></span> <span class='ocrx_word' id='word_1_256' title='bbox 1396 4344 1482 4395; x_wconf 89' lang='lat' dir='ltr'><strong>the</strong></span> <span class='ocrx_word' id='word_1_257' title='bbox 1514 4359 1709 4395; x_wconf 80' lang='lat' dir='ltr'><strong>sermon</strong></span> <span class='ocrx_word' id='word_1_258' title='bbox 1742 4344 1806 4394; x_wconf 89' lang='lat' dir='ltr'><strong>he</strong></span> <span class='ocrx_word' id='word_1_259' title='bbox 1838 4344 2097 4406; x_wconf 83' lang='lat' dir='ltr'><strong>predicted</strong></span> <span class='ocrx_word' id='word_1_260' title='bbox 2145 4351 2360 4395; x_wconf 84' lang='lat' dir='ltr'><strong>account</strong></span> <span class='ocrx_word' id='word_1_261' title='bbox 2378 4347 2438 4396; x_wconf 82' lang='lat' dir='ltr'><strong>os</strong></span> <span class='ocrx_word' id='word_1_262' title='bbox 2464 4346 2549 4396; x_wconf 89' lang='lat' dir='ltr'><strong>the</strong></span> <span class='ocrx_word' id='word_1_263' title='bbox 2579 4348 2800 4409; x_wconf 86' lang='lat' dir='ltr'><strong>murder,</strong></span> <span class='ocrx_word' id='word_1_264' title='bbox 2818 4363 2902 4398; x_wconf 83' lang='lat' dir='ltr'><strong>aee</strong></span> <span class='ocrx_word' id='word_1_265' title='bbox 2923 4350 3060 4400; x_wconf 82' lang='lat' dir='ltr'><strong>Qua·</strong></span> 
     </span>
     <span class='ocr_line' id='line_1_39' title="bbox 1183 4413 3056 4481; baseline 0.002 -18"><span class='ocrx_word' id='word_1_266' title='bbox 1183 4414 1294 4464; x_wconf 87' lang='lat' dir='ltr'><strong>that</strong></span> <span class='ocrx_word' id='word_1_267' title='bbox 1325 4414 1409 4466; x_wconf 86' lang='lat' dir='ltr'><strong>the</strong></span> <span class='ocrx_word' id='word_1_268' title='bbox 1449 4416 1568 4464; x_wconf 89' lang='lat' dir='ltr'><strong>time</strong></span> <span class='ocrx_word' id='word_1_269' title='bbox 1603 4414 1662 4464; x_wconf 75' lang='lat' dir='ltr'><strong>of</strong></span> <span class='ocrx_word' id='word_1_270' title='bbox 1687 4413 1770 4463; x_wconf 81' lang='lat' dir='ltr'><strong>his</strong></span> <span class='ocrx_word' id='word_1_271' title='bbox 1803 4413 1956 4463; x_wconf 81' lang='lat' dir='ltr'><strong>death</strong></span> <span class='ocrx_word' id='word_1_272' title='bbox 1987 4429 2097 4464; x_wconf 80' lang='lat' dir='ltr'><strong>was</strong></span> <span class='ocrx_word' id='word_1_273' title='bbox 2146 4415 2329 4477; x_wconf 88' lang='lat' dir='ltr'><strong>drilog.</strong></span> <span class='ocrx_word' id='word_1_274' title='bbox 2366 4431 2420 4478; x_wconf 87' lang='lat' dir='ltr'><strong>p.</strong></span> <span class='ocrx_word' id='word_1_275' title='bbox 2459 4421 2576 4477; x_wconf 82' lang='lat'><strong>121,</strong></span> <span class='ocrx_word' id='word_1_276' title='bbox 2619 4433 2780 4481; x_wconf 74' lang='lat' dir='ltr'><strong>seqq.,·</strong></span> <span class='ocrx_word' id='word_1_277' title='bbox 2822 4419 3056 4481; x_wconf 79' lang='lat' dir='ltr'><strong>stephan.</strong></span> 
     </span>
     <span class='ocr_line' id='line_1_40' title="bbox 1183 4484 3058 4548; baseline 0.004 -15"><span class='ocrx_word' id='word_1_278' title='bbox 1183 4485 1417 4548; x_wconf 80' lang='lat' dir='ltr'><strong>drawing</strong></span> <span class='ocrx_word' id='word_1_279' title='bbox 1437 4501 1574 4548; x_wconf 82' lang='lat' dir='ltr'><strong>near,</strong></span> <span class='ocrx_word' id='word_1_280' title='bbox 1593 4484 1694 4533; x_wconf 90' lang='lat' dir='ltr'><strong>and</strong></span> <span class='ocrx_word' id='word_1_281' title='bbox 1715 4484 1825 4533; x_wconf 86' lang='lat' dir='ltr'><strong>that</strong></span> <span class='ocrx_word' id='word_1_282' title='bbox 1845 4484 1907 4533; x_wconf 83' lang='lat' dir='ltr'><strong>he</strong></span> <span class='ocrx_word' id='word_1_283' title='bbox 1925 4485 2095 4533; x_wconf 84' lang='lat' dir='ltr'><strong>would</strong></span> <span class='ocrx_word' id='word_1_284' title='bbox 2146 4489 2230 4547; x_wconf 70' lang='lat'><strong>8⁴,</strong></span> <span class='ocrx_word' id='word_1_285' title='bbox 2250 4501 2376 4548; x_wconf 66' lang='lat' dir='ltr'><strong>seqq.</strong></span> <span class='ocrx_word' id='word_1_286' title='bbox 2396 4503 2415 4544; x_wconf 86' lang='lat'><strong>,-</strong></span> <span class='ocrx_word' id='word_1_287' title='bbox 2450 4486 2667 4538; x_wconf 61' lang='grc' dir='ltr'><strong>Μαι-ιω.</strong></span> <span class='ocrx_word' id='word_1_288' title='bbox 2688 4488 2843 4539; x_wconf 78' lang='lat' dir='ltr'><strong>Thes.</strong></span> <span class='ocrx_word' id='word_1_289' title='bbox 2873 4489 3058 4539; x_wconf 76' lang='lat' dir='ltr'><strong>Aneed.</strong></span> 
     </span>
     <span class='ocr_line' id='line_1_41' title="bbox 1185 4553 2389 4616; baseline 0.002 -11"><span class='ocrx_word' id='word_1_290' title='bbox 1185 4553 1374 4616; x_wconf 76' lang='lat' dir='ltr'><strong>shortly</strong></span> <span class='ocrx_word' id='word_1_291' title='bbox 1393 4556 1537 4606; x_wconf 85' lang='lat' dir='ltr'><strong>leave</strong></span> <span class='ocrx_word' id='word_1_292' title='bbox 1565 4555 1717 4606; x_wconf 89' lang='lat' dir='ltr'><strong>them.</strong></span> <span class='ocrx_word' id='word_1_293' title='bbox 1774 4554 1919 4604; x_wconf 86' lang='lat' dir='ltr'><strong>From</strong></span> <span class='ocrx_word' id='word_1_294' title='bbox 1944 4555 2097 4604; x_wconf 88' lang='lat' dir='ltr'><strong>Dice·</strong></span> <span class='ocrx_word' id='word_1_295' title='bbox 2145 4554 2220 4605; x_wconf 84' lang='lat' dir='ltr'><strong>iii.</strong></span> <span class='ocrx_word' id='word_1_296' title='bbox 2247 4559 2389 4607; x_wconf 76' lang='lat'><strong>11³⁷.</strong></span> 
     </span>
    </p>
   </div>
  </div>
 </body>
</html>
