<?xml version="1.0" encoding="UTF-8"?>
<!DOCTYPE html PUBLIC "-//W3C//DTD XHTML 1.0 Transitional//EN"
    "http://www.w3.org/TR/xhtml1/DTD/xhtml1-transitional.dtd">
<html xmlns="http://www.w3.org/1999/xhtml" xml:lang="en" lang="en">
 <head>
  <title>
</title>
<meta http-equiv="Content-Type" content="text/html;charset=utf-8" />
  <meta name='ocr-system' content='tesseract 3.04.00' />
  <meta name='ocr-capabilities' content='ocr_page ocr_carea ocr_par ocr_line ocrx_word'/>
</head>
<body>
  <div class='ocr_page' id='page_1' title='image "./rogeridewendove00wendgoog_0437.png"; bbox 0 0 3457 5887; ppageno 0'>
   <div class='ocr_carea' id='block_1_1' title="bbox 953 858 2314 925">
    <p class='ocr_par' dir='ltr' id='par_1_1' title="bbox 953 858 2314 925">
     <span class='ocr_line' id='line_1_1' title="bbox 953 858 2314 925; baseline -0.001 0"><span class='ocrx_word' id='word_1_1' title='bbox 953 875 1229 925; x_wconf 70' lang='lat' dir='ltr'><strong>nonus</strong></span> <span class='ocrx_word' id='word_1_2' title='bbox 1277 875 1811 924; x_wconf 70' lang='lat' dir='ltr'><strong>ms&#39;ronmnun.</strong></span> <span class='ocrx_word' id='word_1_3' title='bbox 2184 858 2314 923; x_wconf 82' lang='lat'><strong>433</strong></span> 
     </span>
    </p>
   </div>
   <div class='ocr_carea' id='block_1_2' title="bbox 438 1033 2579 4400">
    <p class='ocr_par' dir='ltr' id='par_1_2' title="bbox 438 1033 2579 4400">
     <span class='ocr_line' id='line_1_2' title="bbox 440 1033 2579 1119; baseline 0.001 -22"><span class='ocrx_word' id='word_1_4' title='bbox 440 1033 620 1113; x_wconf 86' lang='lat' dir='ltr'><strong>dam,</strong></span> <span class='ocrx_word' id='word_1_5' title='bbox 665 1036 782 1100; x_wconf 92' lang='lat' dir='ltr'><strong>ubi</strong></span> <span class='ocrx_word' id='word_1_6' title='bbox 820 1035 1251 1119; x_wconf 79' lang='lat' dir='ltr'>periclitatur</span> <span class='ocrx_word' id='word_1_7' title='bbox 1289 1035 1556 1117; x_wconf 82' lang='lat' dir='ltr'><strong>religio,</strong></span> <span class='ocrx_word' id='word_1_8' title='bbox 1595 1034 1757 1099; x_wconf 89' lang='lat' dir='ltr'><strong>dum</strong></span> <span class='ocrx_word' id='word_1_9' title='bbox 1801 1042 1986 1100; x_wconf 87' lang='lat' dir='ltr'><strong>terra</strong></span> <span class='ocrx_word' id='word_1_10' title='bbox 2025 1035 2314 1118; x_wconf 87' lang='lat' dir='ltr'><strong>promis·</strong></span> <span class='ocrx_word' id='word_1_11' title='bbox 2337 1045 2444 1086; x_wconf 61' lang='grc' dir='ltr'><strong>ΛΦ·</strong></span> <span class='ocrx_word' id='word_1_12' title='bbox 2467 1044 2579 1084; x_wconf 83' lang='lat'><strong>¹¹⁸⁸·</strong></span> 
     </span>
     <span class='ocr_line' id='line_1_3' title="bbox 438 1133 2314 1223; baseline 0.001 -25"><span class='ocrx_word' id='word_1_13' title='bbox 438 1135 651 1198; x_wconf 92' lang='lat' dir='ltr'><strong>sionis</strong></span> <span class='ocrx_word' id='word_1_14' title='bbox 689 1136 884 1223; x_wconf 39' lang='lat' dir='ltr'><strong>,omni</strong></span> <span class='ocrx_word' id='word_1_15' title='bbox 936 1135 1185 1200; x_wconf 86' lang='lat' dir='ltr'><strong>solatio</strong></span> <span class='ocrx_word' id='word_1_16' title='bbox 1236 1133 1564 1200; x_wconf 86' lang='lat' dir='ltr'><strong>destituta</strong></span> <span class='ocrx_word' id='word_1_17' title='bbox 1606 1142 1819 1218; x_wconf 85' lang='lat' dir='ltr'><strong>caput</strong></span> <span class='ocrx_word' id='word_1_18' title='bbox 1873 1154 2009 1198; x_wconf 91' lang='lat' dir='ltr'><strong>non</strong></span> <span class='ocrx_word' id='word_1_19' title='bbox 2067 1134 2314 1199; x_wconf 87' lang='lat' dir='ltr'><strong>habeat</strong></span> 
     </span>
     <span class='ocr_line' id='line_1_4' title="bbox 440 1233 2313 1317; baseline 0.001 -20"><span class='ocrx_word' id='word_1_20' title='bbox 440 1253 564 1298; x_wconf 93' lang='lat' dir='ltr'><strong>nec</strong></span> <span class='ocrx_word' id='word_1_21' title='bbox 614 1242 972 1310; x_wconf 90' lang='lat' dir='ltr'><strong>rectorem,</strong></span> <span class='ocrx_word' id='word_1_22' title='bbox 1033 1253 1159 1298; x_wconf 86' lang='lat' dir='ltr'><strong>nec</strong></span> <span class='ocrx_word' id='word_1_23' title='bbox 1209 1234 1550 1317; x_wconf 84' lang='lat' dir='ltr'><strong>peregrini</strong></span> <span class='ocrx_word' id='word_1_24' title='bbox 1605 1234 1877 1299; x_wconf 81' lang='lat' dir='ltr'><strong>venturi</strong></span> <span class='ocrx_word' id='word_1_25' title='bbox 1940 1233 2313 1312; x_wconf 88' lang='lat' dir='ltr'><strong>ductorem,</strong></span> 
     </span>
     <span class='ocr_line' id='line_1_5' title="bbox 440 1332 2314 1418; baseline 0.001 -22"><span class='ocrx_word' id='word_1_26' title='bbox 440 1352 566 1397; x_wconf 93' lang='lat' dir='ltr'><strong>nec</strong></span> <span class='ocrx_word' id='word_1_27' title='bbox 595 1333 893 1418; x_wconf 89' lang='lat' dir='ltr'><strong>populus</strong></span> <span class='ocrx_word' id='word_1_28' title='bbox 932 1333 1375 1397; x_wconf 85' lang='lat' dir='ltr'><strong>defensorem.</strong></span> <span class='ocrx_word' id='word_1_29' title='bbox 1443 1332 1637 1416; x_wconf 81' lang='lat' dir='ltr'><strong>Rege</strong></span> <span class='ocrx_word' id='word_1_30' title='bbox 1672 1334 1908 1417; x_wconf 88' lang='lat' dir='ltr'><strong>itaque</strong></span> <span class='ocrx_word' id='word_1_31' title='bbox 1943 1352 1987 1397; x_wconf 97' lang='lat' dir='ltr'><strong>a</strong></span> <span class='ocrx_word' id='word_1_32' title='bbox 2019 1333 2314 1399; x_wconf 84' lang='lat' dir='ltr'><strong>vinculis</strong></span> 
     </span>
     <span class='ocr_line' id='line_1_6' title="bbox 440 1431 2315 1516; baseline 0.001 -21"><span class='ocrx_word' id='word_1_33' title='bbox 440 1431 691 1511; x_wconf 89' lang='lat' dir='ltr'><strong>soluto,</strong></span> <span class='ocrx_word' id='word_1_34' title='bbox 730 1432 1210 1497; x_wconf 85' lang='lat' dir='ltr'><strong>confluxerunt</strong></span> <span class='ocrx_word' id='word_1_35' title='bbox 1253 1432 1339 1496; x_wconf 89' lang='lat' dir='ltr'><strong>ad</strong></span> <span class='ocrx_word' id='word_1_36' title='bbox 1374 1452 1529 1497; x_wconf 89' lang='lat' dir='ltr'><strong>eum</strong></span> <span class='ocrx_word' id='word_1_37' title='bbox 1562 1433 1761 1497; x_wconf 87' lang='lat' dir='ltr'><strong>multi</strong></span> <span class='ocrx_word' id='word_1_38' title='bbox 1792 1433 2158 1516; x_wconf 79' lang='lat' dir='ltr'><strong>peregrini,</strong></span> <span class='ocrx_word' id='word_1_39' title='bbox 2198 1433 2315 1515; x_wconf 92' lang='lat' dir='ltr'><strong>qui</strong></span> 
     </span>
     <span class='ocr_line' id='line_1_7' title="bbox 441 1531 2313 1615; baseline 0.001 -21"><span class='ocrx_word' id='word_1_40' title='bbox 441 1551 661 1615; x_wconf 82' lang='lat' dir='ltr'>nuper</span> <span class='ocrx_word' id='word_1_41' title='bbox 710 1531 1152 1610; x_wconf 87' lang='lat' dir='ltr'><strong>advenerant,</strong></span> <span class='ocrx_word' id='word_1_42' title='bbox 1202 1550 1358 1597; x_wconf 89' lang='lat' dir='ltr'><strong>cum</strong></span> <span class='ocrx_word' id='word_1_43' title='bbox 1412 1531 1665 1615; x_wconf 90' lang='lat' dir='ltr'><strong>populo</strong></span> <span class='ocrx_word' id='word_1_44' title='bbox 1719 1532 2044 1615; x_wconf 82' lang='lat' dir='ltr'><strong>regionis,</strong></span> <span class='ocrx_word' id='word_1_45' title='bbox 2083 1539 2155 1596; x_wconf 87' lang='lat' dir='ltr'><strong>et</strong></span> <span class='ocrx_word' id='word_1_46' title='bbox 2199 1551 2313 1595; x_wconf 93' lang='lat' dir='ltr'><strong>co-</strong></span> 
     </span>
     <span class='ocr_line' id='line_1_8' title="bbox 442 1630 2317 1715; baseline 0 -21"><span class='ocrx_word' id='word_1_47' title='bbox 442 1631 711 1713; x_wconf 90' lang='lat' dir='ltr'><strong>piosum</strong></span> <span class='ocrx_word' id='word_1_48' title='bbox 770 1633 1147 1697; x_wconf 83' lang='lat' dir='ltr'><strong>exercitum</strong></span> <span class='ocrx_word' id='word_1_49' title='bbox 1209 1630 1671 1709; x_wconf 86' lang='lat' dir='ltr'><strong>confecerunt,</strong></span> <span class='ocrx_word' id='word_1_50' title='bbox 1726 1632 1845 1715; x_wconf 91' lang='lat' dir='ltr'><strong>qui</strong></span> <span class='ocrx_word' id='word_1_51' title='bbox 1895 1631 2158 1715; x_wconf 85' lang='lat' dir='ltr'><strong>Tyrum</strong></span> <span class='ocrx_word' id='word_1_52' title='bbox 2212 1631 2317 1694; x_wconf 91' lang='lat' dir='ltr'><strong>in-</strong></span> 
     </span>
     <span class='ocr_line' id='line_1_9' title="bbox 443 1726 2317 1812; baseline -0.001 -17"><span class='ocrx_word' id='word_1_53' title='bbox 443 1731 634 1812; x_wconf 77' lang='lat' dir='ltr'><strong>gredi</strong></span> <span class='ocrx_word' id='word_1_54' title='bbox 671 1732 911 1797; x_wconf 86' lang='lat' dir='ltr'><strong>volens</strong></span> <span class='ocrx_word' id='word_1_55' title='bbox 958 1751 1002 1796; x_wconf 96' lang='lat' dir='ltr'><strong>a</strong></span> <span class='ocrx_word' id='word_1_56' title='bbox 1058 1726 1451 1795; x_wconf 81' lang='lat' dir='ltr'><strong>¹marchisio</strong></span> <span class='ocrx_word' id='word_1_57' title='bbox 1500 1749 1639 1795; x_wconf 90' lang='lat' dir='ltr'><strong>non</strong></span> <span class='ocrx_word' id='word_1_58' title='bbox 1688 1731 2104 1810; x_wconf 86' lang='lat' dir='ltr'><strong>admittitur;</strong></span> <span class='ocrx_word' id='word_1_59' title='bbox 2154 1730 2317 1795; x_wconf 87' lang='lat' dir='ltr'><strong>licet</strong></span> 
     </span>
     <span class='ocr_line' id='line_1_10' title="bbox 443 1829 2315 1913; baseline -0.001 -18"><span class='ocrx_word' id='word_1_60' title='bbox 443 1849 526 1894; x_wconf 90' lang='lat' dir='ltr'><strong>eo</strong></span> <span class='ocrx_word' id='word_1_61' title='bbox 563 1838 769 1913; x_wconf 86' lang='lat' dir='ltr'><strong>pacto</strong></span> <span class='ocrx_word' id='word_1_62' title='bbox 808 1831 1052 1895; x_wconf 88' lang='lat' dir='ltr'><strong>civitas</strong></span> <span class='ocrx_word' id='word_1_63' title='bbox 1092 1831 1157 1894; x_wconf 94' lang='lat' dir='ltr'><strong>ei</strong></span> <span class='ocrx_word' id='word_1_64' title='bbox 1198 1830 1562 1894; x_wconf 88' lang='lat' dir='ltr'><strong>commissa</strong></span> <span class='ocrx_word' id='word_1_65' title='bbox 1596 1829 1860 1908; x_wconf 86' lang='lat' dir='ltr'><strong>suisset,</strong></span> <span class='ocrx_word' id='word_1_66' title='bbox 1900 1837 1976 1895; x_wconf 90' lang='lat' dir='ltr'><strong>ut</strong></span> <span class='ocrx_word' id='word_1_67' title='bbox 2020 1830 2167 1912; x_wconf 78' lang='lat' dir='ltr'><strong>regi</strong></span> <span class='ocrx_word' id='word_1_68' title='bbox 2208 1850 2315 1894; x_wconf 88' lang='lat' dir='ltr'><strong>re-</strong></span> 
     </span>
     <span class='ocr_line' id='line_1_11' title="bbox 443 1928 2319 2012; baseline 0.001 -20"><span class='ocrx_word' id='word_1_69' title='bbox 443 1930 705 2010; x_wconf 79' lang='lat' dir='ltr'><strong>petenti</strong></span> <span class='ocrx_word' id='word_1_70' title='bbox 746 1937 817 1993; x_wconf 90' lang='lat' dir='ltr'><strong>et</strong></span> <span class='ocrx_word' id='word_1_71' title='bbox 854 1930 1048 2012; x_wconf 81' lang='lat' dir='ltr'><strong>regni</strong></span> <span class='ocrx_word' id='word_1_72' title='bbox 1086 1928 1469 1994; x_wconf 63' lang='lat' dir='ltr'><strong>haeredibus</strong></span> <span class='ocrx_word' id='word_1_73' title='bbox 1513 1928 1952 2007; x_wconf 81' lang='lat' dir='ltr'><strong>redderetur3</strong></span> <span class='ocrx_word' id='word_1_74' title='bbox 1997 1929 2117 1992; x_wconf 90' lang='lat' dir='ltr'><strong>sed</strong></span> <span class='ocrx_word' id='word_1_75' title='bbox 2161 1937 2319 2011; x_wconf 90' lang='lat' dir='ltr'><strong>post</strong></span> 
     </span>
     <span class='ocr_line' id='line_1_12' title="bbox 444 2026 2317 2111; baseline 0.001 -22"><span class='ocrx_word' id='word_1_76' title='bbox 444 2026 589 2091; x_wconf 91' lang='lat' dir='ltr'><strong>dies</strong></span> <span class='ocrx_word' id='word_1_77' title='bbox 621 2046 902 2111; x_wconf 60' lang='lat' dir='ltr'><strong>paucos»,</strong></span> <span class='ocrx_word' id='word_1_78' title='bbox 932 2028 1168 2093; x_wconf 90' lang='lat' dir='ltr'><strong>eodem</strong></span> <span class='ocrx_word' id='word_1_79' title='bbox 1213 2029 1575 2093; x_wconf 90' lang='lat' dir='ltr'><strong>marchisio</strong></span> <span class='ocrx_word' id='word_1_80' title='bbox 1608 2027 1928 2092; x_wconf 86' lang='lat' dir='ltr'><strong>defuncto</strong></span> <span class='ocrx_word' id='word_1_81' title='bbox 1932 2074 1954 2105; x_wconf 93' lang='lat'><strong>,</strong></span> <span class='ocrx_word' id='word_1_82' title='bbox 1987 2026 2135 2090; x_wconf 84' lang='lat' dir='ltr'><strong>haec</strong></span> <span class='ocrx_word' id='word_1_83' title='bbox 2164 2047 2317 2110; x_wconf 90' lang='lat' dir='ltr'><strong>pes-</strong></span> 
     </span>
     <span class='ocr_line' id='line_1_13' title="bbox 446 2126 2321 2210; baseline 0 -19"><span class='ocrx_word' id='word_1_84' title='bbox 446 2126 537 2191; x_wconf 83' lang='lat' dir='ltr'><strong>tis</strong></span> <span class='ocrx_word' id='word_1_85' title='bbox 579 2127 898 2193; x_wconf 85' lang='lat' dir='ltr'><strong>cessavit.</strong></span> <span class='ocrx_word' id='word_1_86' title='bbox 977 2127 1297 2192; x_wconf 77' lang='lat' dir='ltr'>Mortuus</span> <span class='ocrx_word' id='word_1_87' title='bbox 1341 2135 1447 2192; x_wconf 89' lang='lat' dir='ltr'><strong>est</strong></span> <span class='ocrx_word' id='word_1_88' title='bbox 1485 2127 1693 2192; x_wconf 85' lang='lat' dir='ltr'><strong>etiam</strong></span> <span class='ocrx_word' id='word_1_89' title='bbox 1738 2126 1974 2191; x_wconf 89' lang='lat' dir='ltr'><strong>eodem</strong></span> <span class='ocrx_word' id='word_1_90' title='bbox 2018 2133 2321 2210; x_wconf 89' lang='lat' dir='ltr'><strong>tempore</strong></span> 
     </span>
     <span class='ocr_line' id='line_1_14' title="bbox 447 2223 2322 2310; baseline 0 -22"><span class='ocrx_word' id='word_1_91' title='bbox 447 2223 899 2305; x_wconf 83' lang='lat' dir='ltr'><strong>Reimundus,</strong></span> <span class='ocrx_word' id='word_1_92' title='bbox 933 2245 1158 2292; x_wconf 90' lang='lat' dir='ltr'><strong>comes</strong></span> <span class='ocrx_word' id='word_1_93' title='bbox 1190 2226 1686 2310; x_wconf 87' lang='lat' dir='ltr'><strong>Tripolitanus,</strong></span> <span class='ocrx_word' id='word_1_94' title='bbox 1710 2227 1824 2291; x_wconf 90' lang='lat' dir='ltr'><strong>cui</strong></span> <span class='ocrx_word' id='word_1_95' title='bbox 1853 2226 2322 2309; x_wconf 82' lang='lat' dir='ltr'><strong>imputabatur</strong></span> 
     </span>
     <span class='ocr_line' id='line_1_15' title="bbox 444 2325 2319 2410; baseline 0.001 -23"><span class='ocrx_word' id='word_1_96' title='bbox 444 2330 633 2389; x_wconf 87' lang='lat' dir='ltr'><strong>totus</strong></span> <span class='ocrx_word' id='word_1_97' title='bbox 693 2326 966 2391; x_wconf 81' lang='lat' dir='ltr'><strong>sinister</strong></span> <span class='ocrx_word' id='word_1_98' title='bbox 1007 2334 1294 2391; x_wconf 88' lang='lat' dir='ltr'><strong>eventus</strong></span> <span class='ocrx_word' id='word_1_99' title='bbox 1337 2334 1539 2391; x_wconf 80' lang='lat' dir='ltr'><strong>terrae</strong></span> <span class='ocrx_word' id='word_1_100' title='bbox 1582 2325 2075 2410; x_wconf 88' lang='lat' dir='ltr'><strong>promissionis,</strong></span> <span class='ocrx_word' id='word_1_101' title='bbox 2119 2325 2319 2409; x_wconf 88' lang='lat' dir='ltr'><strong>[quo]</strong></span> 
     </span>
     <span class='ocr_line' id='line_1_16' title="bbox 447 2422 2320 2508; baseline 0.001 -23"><span class='ocrx_word' id='word_1_102' title='bbox 447 2422 670 2487; x_wconf 90' lang='lat' dir='ltr'><strong>minus</strong></span> <span class='ocrx_word' id='word_1_103' title='bbox 724 2424 1136 2504; x_wconf 79' lang='lat' dir='ltr'><strong>Christiane,</strong></span> <span class='ocrx_word' id='word_1_104' title='bbox 1198 2433 1277 2491; x_wconf 90' lang='lat' dir='ltr'><strong>ut</strong></span> <span class='ocrx_word' id='word_1_105' title='bbox 1335 2425 1605 2503; x_wconf 88' lang='lat' dir='ltr'><strong>dicitur,</strong></span> <span class='ocrx_word' id='word_1_106' title='bbox 1664 2426 1862 2508; x_wconf 89' lang='lat' dir='ltr'><strong>quasi</strong></span> <span class='ocrx_word' id='word_1_107' title='bbox 1919 2445 2005 2490; x_wconf 85' lang='lat' dir='ltr'><strong>ex</strong></span> <span class='ocrx_word' id='word_1_108' title='bbox 2075 2425 2320 2488; x_wconf 86' lang='lat' dir='ltr'><strong>mentis</strong></span> 
     </span>
     <span class='ocr_line' id='line_1_17' title="bbox 445 2517 2319 2606; baseline 0.001 -21"><span class='ocrx_word' id='word_1_109' title='bbox 445 2522 881 2604; x_wconf 88' lang='lat' dir='ltr'><strong>alienatione,</strong></span> <span class='ocrx_word' id='word_1_110' title='bbox 925 2526 996 2589; x_wconf 91' lang='lat' dir='ltr'><strong>in</strong></span> <span class='ocrx_word' id='word_1_111' title='bbox 1039 2525 1364 2590; x_wconf 84' lang='lat' dir='ltr'><strong>extremis</strong></span> <span class='ocrx_word' id='word_1_112' title='bbox 1406 2526 1731 2589; x_wconf 83' lang='lat' dir='ltr'><strong>viaticum</strong></span> <span class='ocrx_word' id='word_1_113' title='bbox 1778 2543 1914 2588; x_wconf 91' lang='lat' dir='ltr'><strong>non</strong></span> <span class='ocrx_word' id='word_1_114' title='bbox 1960 2517 2319 2606; x_wconf 57' lang='lat' dir='ltr'><strong>&#39;percepit</strong></span> 
     </span>
     <span class='ocr_line' id='line_1_18' title="bbox 448 2622 2321 2707; baseline 0.001 -22"><span class='ocrx_word' id='word_1_115' title='bbox 448 2622 540 2686; x_wconf 89' lang='lat' dir='ltr'><strong>Et</strong></span> <span class='ocrx_word' id='word_1_116' title='bbox 602 2622 709 2687; x_wconf 89' lang='lat' dir='ltr'><strong>his</strong></span> <span class='ocrx_word' id='word_1_117' title='bbox 767 2624 869 2688; x_wconf 93' lang='lat' dir='ltr'><strong>ita</strong></span> <span class='ocrx_word' id='word_1_118' title='bbox 925 2625 1161 2707; x_wconf 81' lang='lat' dir='ltr'><strong>gestis,</strong></span> <span class='ocrx_word' id='word_1_119' title='bbox 1224 2644 1348 2688; x_wconf 87' lang='lat' dir='ltr'><strong>rex</strong></span> <span class='ocrx_word' id='word_1_120' title='bbox 1415 2643 1571 2688; x_wconf 89' lang='lat' dir='ltr'><strong>cum</strong></span> <span class='ocrx_word' id='word_1_121' title='bbox 1620 2623 1927 2688; x_wconf 83' lang='lat' dir='ltr'><strong>exercitu</strong></span> <span class='ocrx_word' id='word_1_122' title='bbox 1988 2623 2321 2687; x_wconf 89' lang='lat' dir='ltr'><strong>baronum</strong></span> 
     </span>
     <span class='ocr_line' id='line_1_19' title="bbox 447 2720 2423 2805; baseline 0 -19"><span class='ocrx_word' id='word_1_123' title='bbox 447 2723 664 2803; x_wconf 82' lang='lat' dir='ltr'><strong>regni,</strong></span> <span class='ocrx_word' id='word_1_124' title='bbox 704 2724 824 2805; x_wconf 91' lang='lat' dir='ltr'><strong>qui</strong></span> <span class='ocrx_word' id='word_1_125' title='bbox 869 2724 998 2787; x_wconf 91' lang='lat' dir='ltr'><strong>sibi</strong></span> <span class='ocrx_word' id='word_1_126' title='bbox 1038 2723 1491 2801; x_wconf 85' lang='lat' dir='ltr'><strong>adhaeserant,</strong></span> <span class='ocrx_word' id='word_1_127' title='bbox 1533 2723 1814 2787; x_wconf 88' lang='lat' dir='ltr'><strong>sociatis</strong></span> <span class='ocrx_word' id='word_1_128' title='bbox 1857 2722 1989 2786; x_wconf 92' lang='lat' dir='ltr'><strong>sibi</strong></span> <span class='ocrx_word' id='word_1_129' title='bbox 2032 2730 2166 2787; x_wconf 90' lang='lat' dir='ltr'><strong>tem</strong></span> <span class='ocrx_word' id='word_1_130' title='bbox 2170 2723 2321 2805; x_wconf 90' lang='lat' dir='ltr'><strong>pla·</strong></span> <span class='ocrx_word' id='word_1_131' title='bbox 2420 2720 2423 2721; x_wconf 44' lang='lat'><em>⁷</em></span> 
     </span>
     <span class='ocr_line' id='line_1_20' title="bbox 449 2820 2326 2906; baseline 0.001 -23"><span class='ocrx_word' id='word_1_132' title='bbox 449 2820 567 2885; x_wconf 85' lang='lat' dir='ltr'><strong>riis</strong></span> <span class='ocrx_word' id='word_1_133' title='bbox 606 2829 677 2885; x_wconf 90' lang='lat' dir='ltr'><strong>et</strong></span> <span class='ocrx_word' id='word_1_134' title='bbox 710 2820 1197 2906; x_wconf 78' lang='lat' dir='ltr'><strong>hospitalariiS,</strong></span> <span class='ocrx_word' id='word_1_135' title='bbox 1243 2822 1648 2888; x_wconf 88' lang='lat' dir='ltr'><strong>Venetianis</strong></span> <span class='ocrx_word' id='word_1_136' title='bbox 1682 2822 1914 2899; x_wconf 89' lang='lat' dir='ltr'><strong>etiam,</strong></span> <span class='ocrx_word' id='word_1_137' title='bbox 1950 2823 2068 2904; x_wconf 90' lang='lat' dir='ltr'><strong>qui</strong></span> <span class='ocrx_word' id='word_1_138' title='bbox 2108 2841 2326 2905; x_wconf 90' lang='lat' dir='ltr'><strong>nuper</strong></span> 
     </span>
     <span class='ocr_line' id='line_1_21' title="bbox 449 2917 2325 3008; baseline 0.001 -24"><span class='ocrx_word' id='word_1_139' title='bbox 449 2917 891 2999; x_wconf 85' lang='lat' dir='ltr'><strong>advenerant,</strong></span> <span class='ocrx_word' id='word_1_140' title='bbox 914 2931 984 2989; x_wconf 89' lang='lat' dir='ltr'><strong>et</strong></span> <span class='ocrx_word' id='word_1_141' title='bbox 1004 2922 1050 2988; x_wconf 87' lang='lat' dir='ltr'><strong>J</strong></span> <span class='ocrx_word' id='word_1_142' title='bbox 1057 2923 1467 2989; x_wconf 88' lang='lat' dir='ltr'><strong>anuensibus</strong></span> <span class='ocrx_word' id='word_1_143' title='bbox 1498 2922 1901 3008; x_wconf 81' lang='lat' dir='ltr'><strong>peregrinis,</strong></span> <span class='ocrx_word' id='word_1_144' title='bbox 1928 2921 2060 2986; x_wconf 88' lang='lat' dir='ltr'><strong>iter</strong></span> <span class='ocrx_word' id='word_1_145' title='bbox 2085 2941 2325 2986; x_wconf 89' lang='lat' dir='ltr'><strong>versus</strong></span> 
     </span>
     <span class='ocr_line' id='line_1_22' title="bbox 450 3019 2325 3108; baseline 0.001 -25"><span class='ocrx_word' id='word_1_146' title='bbox 450 3019 978 3102; x_wconf 88' lang='lat' dir='ltr'><strong>Ptolomaidam,</strong></span> <span class='ocrx_word' id='word_1_147' title='bbox 1036 3042 1191 3108; x_wconf 81' lang='lat' dir='ltr'><strong>quae</strong></span> <span class='ocrx_word' id='word_1_148' title='bbox 1247 3023 1383 3088; x_wconf 92' lang='lat' dir='ltr'><strong>alio</strong></span> <span class='ocrx_word' id='word_1_149' title='bbox 1436 3023 1707 3087; x_wconf 90' lang='lat' dir='ltr'><strong>nomine</strong></span> <span class='ocrx_word' id='word_1_150' title='bbox 1754 3020 1999 3086; x_wconf 86' lang='lat' dir='ltr'><strong>Achon</strong></span> <span class='ocrx_word' id='word_1_151' title='bbox 2055 3021 2325 3098; x_wconf 89' lang='lat' dir='ltr'><strong>dicitur,</strong></span> 
     </span>
     <span class='ocr_line' id='line_1_23' title="bbox 450 3119 2323 3206; baseline 0 -23"><span class='ocrx_word' id='word_1_152' title='bbox 450 3121 741 3204; x_wconf 86' lang='lat' dir='ltr'><strong>arripuit</strong></span> <span class='ocrx_word' id='word_1_153' title='bbox 777 3142 796 3201; x_wconf 88' lang='lat'><strong>;</strong></span> <span class='ocrx_word' id='word_1_154' title='bbox 865 3123 1062 3206; x_wconf 90' lang='lat' dir='ltr'><strong>cujus</strong></span> <span class='ocrx_word' id='word_1_155' title='bbox 1126 3123 1336 3187; x_wconf 90' lang='lat' dir='ltr'><strong>robur</strong></span> <span class='ocrx_word' id='word_1_156' title='bbox 1384 3123 1719 3187; x_wconf 88' lang='lat' dir='ltr'><strong>veraciter</strong></span> <span class='ocrx_word' id='word_1_157' title='bbox 1764 3127 2192 3185; x_wconf 89' lang='lat' dir='ltr'><strong>numeratum</strong></span> <span class='ocrx_word' id='word_1_158' title='bbox 2236 3119 2323 3185; x_wconf 92' lang='lat' dir='ltr'><strong>ad</strong></span> 
     </span>
     <span class='ocr_line' id='line_1_24' title="bbox 447 3219 2327 3301; baseline 0.001 -20"><span class='ocrx_word' id='word_1_159' title='bbox 447 3237 691 3285; x_wconf 87' lang='lat' dir='ltr'><strong>novem</strong></span> <span class='ocrx_word' id='word_1_160' title='bbox 745 3221 960 3285; x_wconf 90' lang='lat' dir='ltr'><strong>millia</strong></span> <span class='ocrx_word' id='word_1_161' title='bbox 1001 3230 1419 3286; x_wconf 89' lang='lat' dir='ltr'><strong>armatorum</strong></span> <span class='ocrx_word' id='word_1_162' title='bbox 1462 3221 1791 3286; x_wconf 88' lang='lat' dir='ltr'><strong>excrevit.</strong></span> <span class='ocrx_word' id='word_1_163' title='bbox 1878 3219 2036 3284; x_wconf 82' lang='lat' dir='ltr'><strong>Rex</strong></span> <span class='ocrx_word' id='word_1_164' title='bbox 2093 3221 2327 3301; x_wconf 90' lang='lat' dir='ltr'><strong>itaque</strong></span> 
     </span>
     <span class='ocr_line' id='line_1_25' title="bbox 452 3317 2326 3404; baseline 0.002 -24"><span class='ocrx_word' id='word_1_165' title='bbox 452 3317 1149 3404; x_wconf 88' lang='lat' dir='ltr'><strong>Hierosolymitanus,</strong></span> <span class='ocrx_word' id='word_1_166' title='bbox 1172 3340 1325 3385; x_wconf 91' lang='lat' dir='ltr'><strong>cum</strong></span> <span class='ocrx_word' id='word_1_167' title='bbox 1351 3320 1856 3386; x_wconf 86' lang='lat' dir='ltr'><strong>Ptolomaidam</strong></span> <span class='ocrx_word' id='word_1_168' title='bbox 1881 3320 2326 3402; x_wconf 82' lang='lat' dir='ltr'><strong>pervenisset,</strong></span> 
     </span>
     <span class='ocr_line' id='line_1_26' title="bbox 452 3417 2325 3485; baseline 0.002 -5"><span class='ocrx_word' id='word_1_169' title='bbox 452 3417 615 3481; x_wconf 82' lang='lat' dir='ltr'><strong>fecit</strong></span> <span class='ocrx_word' id='word_1_170' title='bbox 653 3439 887 3484; x_wconf 91' lang='lat' dir='ltr'><strong>omnes</strong></span> <span class='ocrx_word' id='word_1_171' title='bbox 926 3440 1088 3484; x_wconf 92' lang='lat' dir='ltr'><strong>suos</strong></span> <span class='ocrx_word' id='word_1_172' title='bbox 1130 3422 1201 3484; x_wconf 92' lang='lat' dir='ltr'><strong>in</strong></span> <span class='ocrx_word' id='word_1_173' title='bbox 1236 3420 1480 3485; x_wconf 90' lang='lat' dir='ltr'><strong>collem</strong></span> <span class='ocrx_word' id='word_1_174' title='bbox 1519 3418 1884 3484; x_wconf 83' lang='lat' dir='ltr'><strong>ascendere</strong></span> <span class='ocrx_word' id='word_1_175' title='bbox 1919 3417 2187 3483; x_wconf 82' lang='lat' dir='ltr'><strong>civitati</strong></span> <span class='ocrx_word' id='word_1_176' title='bbox 2221 3419 2325 3483; x_wconf 88' lang='lat' dir='ltr'><strong>vi-</strong></span> 
     </span>
     <span class='ocr_line' id='line_1_27' title="bbox 452 3516 2326 3602; baseline 0.002 -24"><span class='ocrx_word' id='word_1_177' title='bbox 452 3516 701 3594; x_wconf 92' lang='lat' dir='ltr'><strong>cinum,</strong></span> <span class='ocrx_word' id='word_1_178' title='bbox 751 3538 977 3601; x_wconf 90' lang='lat' dir='ltr'><strong>quem,</strong></span> <span class='ocrx_word' id='word_1_179' title='bbox 1021 3540 1103 3584; x_wconf 91' lang='lat' dir='ltr'><strong>eo</strong></span> <span class='ocrx_word' id='word_1_180' title='bbox 1158 3518 1341 3602; x_wconf 91' lang='lat' dir='ltr'><strong>quod</strong></span> <span class='ocrx_word' id='word_1_181' title='bbox 1393 3521 1613 3584; x_wconf 89' lang='lat' dir='ltr'><strong>instar</strong></span> <span class='ocrx_word' id='word_1_182' title='bbox 1667 3519 1875 3583; x_wconf 87' lang='lat' dir='ltr'><strong>turris</strong></span> <span class='ocrx_word' id='word_1_183' title='bbox 1926 3524 2193 3582; x_wconf 89' lang='lat' dir='ltr'><strong>erectus</strong></span> <span class='ocrx_word' id='word_1_184' title='bbox 2234 3518 2326 3581; x_wconf 84' lang='lat' dir='ltr'><strong>sit</strong></span> 
     </span>
     <span class='ocr_line' id='line_1_28' title="bbox 449 3615 2323 3699; baseline 0.001 -21"><span class='ocrx_word' id='word_1_185' title='bbox 449 3615 520 3678; x_wconf 92' lang='lat' dir='ltr'><strong>in</strong></span> <span class='ocrx_word' id='word_1_186' title='bbox 564 3617 853 3682; x_wconf 88' lang='lat' dir='ltr'><strong>sublime</strong></span> <span class='ocrx_word' id='word_1_187' title='bbox 894 3627 965 3683; x_wconf 89' lang='lat' dir='ltr'><strong>et</strong></span> <span class='ocrx_word' id='word_1_188' title='bbox 1006 3617 1366 3697; x_wconf 88' lang='lat' dir='ltr'><strong>rotundus,</strong></span> <span class='ocrx_word' id='word_1_189' title='bbox 1407 3618 1764 3683; x_wconf 85' lang='lat' dir='ltr'><strong>Turonum</strong></span> <span class='ocrx_word' id='word_1_190' title='bbox 1813 3637 1857 3682; x_wconf 98' lang='lat' dir='ltr'><strong>a</strong></span> <span class='ocrx_word' id='word_1_191' title='bbox 1895 3616 2105 3699; x_wconf 83' lang='lat' dir='ltr'><strong>vulgo</strong></span> <span class='ocrx_word' id='word_1_192' title='bbox 2149 3636 2323 3681; x_wconf 91' lang='lat' dir='ltr'><strong>nun-</strong></span> 
     </span>
     <span class='ocr_line' id='line_1_29' title="bbox 452 3716 2322 3800; baseline 0.001 -23"><span class='ocrx_word' id='word_1_193' title='bbox 452 3723 786 3798; x_wconf 89' lang='lat' dir='ltr'><strong>cupatur;</strong></span> <span class='ocrx_word' id='word_1_194' title='bbox 852 3737 1047 3783; x_wconf 90' lang='lat' dir='ltr'><strong>mons</strong></span> <span class='ocrx_word' id='word_1_195' title='bbox 1091 3726 1321 3783; x_wconf 88' lang='lat' dir='ltr'><strong>autem</strong></span> <span class='ocrx_word' id='word_1_196' title='bbox 1367 3718 1498 3782; x_wconf 86' lang='lat' dir='ltr'><strong>iste</strong></span> <span class='ocrx_word' id='word_1_197' title='bbox 1541 3737 1585 3782; x_wconf 96' lang='lat' dir='ltr'><strong>a</strong></span> <span class='ocrx_word' id='word_1_198' title='bbox 1626 3724 1823 3800; x_wconf 90' lang='lat' dir='ltr'><strong>parte</strong></span> <span class='ocrx_word' id='word_1_199' title='bbox 1871 3716 2057 3780; x_wconf 90' lang='lat' dir='ltr'><strong>urbis</strong></span> <span class='ocrx_word' id='word_1_200' title='bbox 2101 3716 2322 3780; x_wconf 89' lang='lat' dir='ltr'><strong>orien-</strong></span> 
     </span>
     <span class='ocr_line' id='line_1_30' title="bbox 449 3808 2321 3899; baseline 0 -22"><span class='ocrx_word' id='word_1_201' title='bbox 449 3814 574 3877; x_wconf 91' lang='lat' dir='ltr'><strong>tali</strong></span> <span class='ocrx_word' id='word_1_202' title='bbox 621 3818 977 3899; x_wconf 84' lang='lat' dir='ltr'><strong>consurgit</strong></span> <span class='ocrx_word' id='word_1_203' title='bbox 1021 3817 1290 3894; x_wconf 86' lang='lat' dir='ltr'><strong>editior,</strong></span> <span class='ocrx_word' id='word_1_204' title='bbox 1331 3824 1402 3881; x_wconf 88' lang='lat' dir='ltr'><strong>et</strong></span> <span class='ocrx_word' id='word_1_205' title='bbox 1439 3818 1512 3881; x_wconf 91' lang='lat' dir='ltr'><strong>in</strong></span> <span class='ocrx_word' id='word_1_206' title='bbox 1556 3816 1844 3898; x_wconf 87' lang='lat' dir='ltr'><strong>circuitu</strong></span> <span class='ocrx_word' id='word_1_207' title='bbox 1887 3814 2092 3897; x_wconf 84' lang='lat' dir='ltr'><strong>longe</strong></span> <span class='ocrx_word' id='word_1_208' title='bbox 2137 3808 2321 3897; x_wconf 77' lang='lat' dir='ltr'><strong>⁸por-</strong></span> 
     </span>
     <span class='ocr_line' id='line_1_31' title="bbox 447 3914 2323 3999; baseline 0.001 -23"><span class='ocrx_word' id='word_1_209' title='bbox 447 3920 672 3978; x_wconf 87' lang='lat' dir='ltr'><strong>rectus</strong></span> <span class='ocrx_word' id='word_1_210' title='bbox 702 3915 773 3978; x_wconf 91' lang='lat' dir='ltr'><strong>in</strong></span> <span class='ocrx_word' id='word_1_211' title='bbox 802 3915 1011 3999; x_wconf 91' lang='lat' dir='ltr'><strong>plana</strong></span> <span class='ocrx_word' id='word_1_212' title='bbox 1040 3915 1459 3981; x_wconf 87' lang='lat' dir='ltr'><strong>diffunditur.</strong></span> <span class='ocrx_word' id='word_1_213' title='bbox 1530 3916 1666 3980; x_wconf 90' lang='lat' dir='ltr'><strong>Die</strong></span> <span class='ocrx_word' id='word_1_214' title='bbox 1693 3915 1906 3996; x_wconf 83' lang='lat' dir='ltr'><strong>igitur</strong></span> <span class='ocrx_word' id='word_1_215' title='bbox 1933 3914 2136 3979; x_wconf 87' lang='lat' dir='ltr'><strong>tertio</strong></span> <span class='ocrx_word' id='word_1_216' title='bbox 2163 3921 2323 3998; x_wconf 85' lang='lat' dir='ltr'><strong>post</strong></span> 
     </span>
     <span class='ocr_line' id='line_1_32' title="bbox 448 4012 2321 4097; baseline 0.001 -22"><span class='ocrx_word' id='word_1_217' title='bbox 448 4031 646 4076; x_wconf 90' lang='lat' dir='ltr'><strong>suum</strong></span> <span class='ocrx_word' id='word_1_218' title='bbox 685 4012 1053 4080; x_wconf 88' lang='lat' dir='ltr'><strong>adventum</strong></span> <span class='ocrx_word' id='word_1_219' title='bbox 1099 4015 1335 4080; x_wconf 89' lang='lat' dir='ltr'><strong>urbem</strong></span> <span class='ocrx_word' id='word_1_220' title='bbox 1371 4014 1747 4079; x_wconf 88' lang='lat' dir='ltr'><strong>Christiani</strong></span> <span class='ocrx_word' id='word_1_221' title='bbox 1795 4012 2130 4091; x_wconf 85' lang='lat' dir='ltr'><strong>obsident,</strong></span> <span class='ocrx_word' id='word_1_222' title='bbox 2164 4033 2321 4097; x_wconf 84' lang='lat' dir='ltr'><strong>quae</strong></span> 
     </span>
     <span class='ocr_line' id='line_1_33' title="bbox 447 4113 2322 4198; baseline 0.001 -23"><span class='ocrx_word' id='word_1_223' title='bbox 447 4120 689 4193; x_wconf 88' lang='lat' dir='ltr'><strong>postea</strong></span> <span class='ocrx_word' id='word_1_224' title='bbox 742 4133 878 4178; x_wconf 91' lang='lat' dir='ltr'><strong>non</strong></span> <span class='ocrx_word' id='word_1_225' title='bbox 920 4113 1170 4179; x_wconf 81' lang='lat' dir='ltr'><strong>defecit</strong></span> <span class='ocrx_word' id='word_1_226' title='bbox 1222 4132 1441 4198; x_wconf 90' lang='lat' dir='ltr'><strong>usque</strong></span> <span class='ocrx_word' id='word_1_227' title='bbox 1483 4114 1571 4179; x_wconf 94' lang='lat' dir='ltr'><strong>ad</strong></span> <span class='ocrx_word' id='word_1_228' title='bbox 1617 4121 1885 4197; x_wconf 90' lang='lat' dir='ltr'><strong>tempus</strong></span> <span class='ocrx_word' id='word_1_229' title='bbox 1929 4132 2068 4196; x_wconf 91' lang='lat' dir='ltr'><strong>quo</strong></span> <span class='ocrx_word' id='word_1_230' title='bbox 2117 4121 2322 4196; x_wconf 85' lang='lat' dir='ltr'><strong>capta</strong></span> 
     </span>
     <span class='ocr_line' id='line_1_34' title="bbox 450 4210 2318 4295; baseline -0.001 -22"><span class='ocrx_word' id='word_1_231' title='bbox 450 4210 581 4274; x_wconf 87' lang='lat' dir='ltr'><strong>suit</strong></span> <span class='ocrx_word' id='word_1_232' title='bbox 620 4231 663 4275; x_wconf 92' lang='lat' dir='ltr'><strong>a</strong></span> <span class='ocrx_word' id='word_1_233' title='bbox 706 4214 980 4294; x_wconf 82' lang='lat' dir='ltr'><strong>regibus</strong></span> <span class='ocrx_word' id='word_1_234' title='bbox 1028 4214 1450 4278; x_wconf 88' lang='lat' dir='ltr'><strong>Francorum</strong></span> <span class='ocrx_word' id='word_1_235' title='bbox 1489 4220 1561 4278; x_wconf 90' lang='lat' dir='ltr'><strong>et</strong></span> <span class='ocrx_word' id='word_1_236' title='bbox 1596 4211 2006 4295; x_wconf 82' lang='lat' dir='ltr'><strong>Anglorum,</strong></span> <span class='ocrx_word' id='word_1_237' title='bbox 2053 4210 2318 4293; x_wconf 90' lang='lat' dir='ltr'><strong>Philip-</strong></span> 
     </span>
     <span class='ocr_line' id='line_1_35' title="bbox 448 4308 2335 4400; baseline -0.001 -27"><span class='ocrx_word' id='word_1_238' title='bbox 448 4328 540 4392; x_wconf 93' lang='lat' dir='ltr'><strong>po</strong></span> <span class='ocrx_word' id='word_1_239' title='bbox 582 4318 654 4374; x_wconf 90' lang='lat' dir='ltr'><strong>et</strong></span> <span class='ocrx_word' id='word_1_240' title='bbox 696 4310 1065 4377; x_wconf 83' lang='lat' dir='ltr'><strong>Richardo.</strong></span> <span class='ocrx_word' id='word_1_241' title='bbox 1133 4312 1328 4378; x_wconf 86' lang='lat' dir='ltr'><strong>Adeo</strong></span> <span class='ocrx_word' id='word_1_242' title='bbox 1361 4311 1632 4395; x_wconf 89' lang='lat' dir='ltr'><strong>quidem</strong></span> <span class='ocrx_word' id='word_1_243' title='bbox 1676 4311 2017 4395; x_wconf 80' lang='lat' dir='ltr'><strong>peregrini</strong></span> <span class='ocrx_word' id='word_1_244' title='bbox 2064 4308 2335 4400; x_wconf 69' lang='lat' dir='ltr'><strong>simpli-⁸</strong></span> 
     </span>
    </p>
   </div>
   <div class='ocr_carea' id='block_1_3' title="bbox 446 4512 2322 4721">
    <p class='ocr_par' dir='ltr' id='par_1_3' title="bbox 446 4512 2322 4721">
     <span class='ocr_line' id='line_1_36' title="bbox 519 4512 2322 4581; baseline 0.001 -17"><span class='ocrx_word' id='word_1_245' title='bbox 519 4512 535 4542; x_wconf 83' lang='lat'><strong>¹</strong></span> <span class='ocrx_word' id='word_1_246' title='bbox 558 4516 843 4567; x_wconf 71' lang='lat' dir='ltr'><strong>Mmhiaeio.</strong></span> <span class='ocrx_word' id='word_1_247' title='bbox 877 4519 900 4581; x_wconf 93' lang='lat'>]</span> <span class='ocrx_word' id='word_1_248' title='bbox 956 4519 972 4547; x_wconf 89' lang='lat'>‘</span> <span class='ocrx_word' id='word_1_249' title='bbox 996 4520 1045 4568; x_wconf 75' lang='lat' dir='ltr'>A</span> <span class='ocrx_word' id='word_1_250' title='bbox 1092 4520 1359 4571; x_wconf 68' lang='lat' dir='ltr'><strong>marchisio</strong></span> <span class='ocrx_word' id='word_1_251' title='bbox 1475 4517 1775 4569; x_wconf 70' lang='lat' dir='ltr'><strong>&#39;Pon-rectu</strong></span> <span class='ocrx_word' id='word_1_252' title='bbox 1808 4520 1861 4568; x_wconf 70' lang='lat' dir='ltr'><strong>in</strong></span> <span class='ocrx_word' id='word_1_253' title='bbox 1895 4519 2040 4581; x_wconf 72' lang='lat' dir='ltr'><strong>plano</strong></span> <span class='ocrx_word' id='word_1_254' title='bbox 2080 4516 2322 4580; x_wconf 62' lang='lat' dir='ltr'><strong>diffundi-</strong></span> 
     </span>
     <span class='ocr_line' id='line_1_37' title="bbox 446 4582 2320 4653; baseline 0.002 -20"><span class='ocrx_word' id='word_1_255' title='bbox 446 4599 543 4633; x_wconf 91' lang='lat' dir='ltr'><strong>non</strong></span> <span class='ocrx_word' id='word_1_256' title='bbox 565 4582 925 4649; x_wconf 69' lang='lat' dir='ltr'><strong>admittuntur,²</strong></span> <span class='ocrx_word' id='word_1_257' title='bbox 950 4589 1011 4638; x_wconf 87' lang='lat' dir='ltr'><strong>C.</strong></span> <span class='ocrx_word' id='word_1_258' title='bbox 1405 4589 1532 4653; x_wconf 62' lang='lat' dir='ltr'><strong>tan]</strong></span> <span class='ocrx_word' id='word_1_259' title='bbox 1575 4591 1590 4616; x_wconf 80' lang='lat'><strong>⁴</strong></span> <span class='ocrx_word' id='word_1_260' title='bbox 1618 4589 1909 4638; x_wconf 77' lang='lat' dir='ltr'><strong>Pori-ectum</strong></span> <span class='ocrx_word' id='word_1_261' title='bbox 1948 4588 1998 4637; x_wconf 90' lang='lat' dir='ltr'><strong>in</strong></span> <span class='ocrx_word' id='word_1_262' title='bbox 2034 4587 2185 4650; x_wconf 74' lang='lat' dir='ltr'><strong>plana</strong></span> <span class='ocrx_word' id='word_1_263' title='bbox 2218 4586 2320 4637; x_wconf 83' lang='lat' dir='ltr'><strong>dif-</strong></span> 
     </span>
     <span class='ocr_line' id='line_1_38' title="bbox 514 4651 1802 4721; baseline 0.004 -18"><span class='ocrx_word' id='word_1_264' title='bbox 514 4651 536 4684; x_wconf 82' lang='lat'><strong>¹</strong></span> <span class='ocrx_word' id='word_1_265' title='bbox 557 4655 826 4721; x_wconf 56' lang='lat' dir='ltr'><strong>Percepit]</strong></span> <span class='ocrx_word' id='word_1_266' title='bbox 844 4659 859 4685; x_wconf 88' lang='lat'>‘</span> <span class='ocrx_word' id='word_1_267' title='bbox 878 4655 1124 4720; x_wconf 80' lang='lat' dir='ltr'><strong>Pepercit&#39;</strong></span> <span class='ocrx_word' id='word_1_268' title='bbox 1147 4660 1198 4708; x_wconf 90' lang='lat' dir='ltr'><strong>in</strong></span> <span class='ocrx_word' id='word_1_269' title='bbox 1221 4659 1334 4709; x_wconf 87' lang='lat' dir='ltr'><strong>MS.</strong></span> <span class='ocrx_word' id='word_1_270' title='bbox 1405 4653 1588 4709; x_wconf 79' lang='lat' dir='ltr'><strong>sundit’</strong></span> <span class='ocrx_word' id='word_1_271' title='bbox 1614 4659 1664 4706; x_wconf 91' lang='lat' dir='ltr'><strong>in</strong></span> <span class='ocrx_word' id='word_1_272' title='bbox 1690 4658 1802 4708; x_wconf 81' lang='lat' dir='ltr'><strong>MS.</strong></span> 
     </span>
    </p>
   </div>
   <div class='ocr_carea' id='block_1_4' title="bbox 548 4747 2022 4812">
    <p class='ocr_par' dir='ltr' id='par_1_4' title="bbox 548 4747 2022 4812">
     <span class='ocr_line' id='line_1_39' title="bbox 548 4747 2022 4812; baseline 0.015 -5"><span class='ocrx_word' id='word_1_273' title='bbox 548 4761 703 4810; x_wconf 72' lang='lat' dir='ltr'><strong>von.</strong></span> <span class='ocrx_word' id='word_1_274' title='bbox 741 4763 818 4811; x_wconf 84' lang='lat'><strong>11.</strong></span> <span class='ocrx_word' id='word_1_275' title='bbox 1907 4747 1951 4812; x_wconf 78' lang='lat'>2</span> <span class='ocrx_word' id='word_1_276' title='bbox 1985 4765 2022 4811; x_wconf 68' lang='grc' dir='ltr'><strong>Ρ</strong></span> 
     </span>
    </p>
   </div>
  </div>
 </body>
</html>
