3457 5887
897 972 1006 1012 A.1>.
1027 972 1140 1012 1161.

901 1169 981 1209 Hit
998 1169 1149 1210 vinion-

1213 785 1344 849 290
1726 793 1992 843 uocum
2039 792 2133 840 οε
2175 790 2587 839 wnnnovmt

1216 954 1384 1019 tiam
1417 954 1749 1030 eruditus),
1774 973 1816 1016 a
1833 952 2172 1028 Waltero,
2197 950 2507 1015 Roffensi
2543 950 2884 1032 episcopo,
2917 966 3090 1013 con-

1216 1060 1523 1127 secratus
1555 1063 1663 1118 est
1707 1052 1996 1117 antistes
2040 1050 2478 1115 Exoniensis.
2579 1050 2690 1113 De
2731 1048 2858 1112 boe
2902 1048 3084 1111 Bar-

1215 1153 1579 1217 tholomaeo
1612 1152 1984 1225 venerabili
2022 1148 2171 1216 viro
2214 1150 2401 1213 fama
2453 1148 2661 1213 refert
2708 1148 3090 1226 notissima,
3199 1182 3200 1185 π

1216 1252 1422 1335 quod,
1475 1252 1637 1316 dum
1693 1252 1903 1315 lucris
1957 1251 2339 1315 animarum
2382 1249 2673 1312 devotus
2728 1246 3092 1311 intendens

1214 1350 1606 1433 parochiam
1648 1352 1984 1424 visitaret,
2031 1350 2105 1412 in
2147 1348 2317 1413 villa
2373 1347 2670 1430 quadam
2719 1349 3088 1428 campestri

1214 1469 1368 1513 cum
1411 1451 1554 1513 suis
1603 1450 1869 1515 clericis
1917 1447 2372 1531 pernoctavit.
2475 1446 2841 1510 Dormiens
2877 1446 3088 1527 igitur

1215 1548 1301 1613 de
1335 1555 1535 1613 nocte
1574 1549 1649 1612 in
1682 1549 1934 1613 solario
1967 1546 2288 1630 quodam,
2331 1546 2514 1628 quod
2554 1545 2862 1609 ecclesiae
2906 1545 3086 1609 villae

1218 1667 1300 1713 ac
1320 1649 1709 1712 coemeterio
1732 1647 2154 1723 imminebat,
2171 1665 2325 1710 cum
2351 1645 2534 1709 circa
2548 1644 2772 1708 noctis
2792 1643 3087 1707 medium

1219 1747 1308 1812 ad
1349 1755 1755 1812 nocturnam
1797 1747 2119 1833 synaxim
2167 1746 2321 1810 Deo
2371 1743 2891 1827 persolvendam
2937 1745 3083 1807 evi·

1216 1847 1525 1929 gila-met,
1571 1847 1826 1923 lumen,
1875 1845 2059 1929 quod
2105 1864 2334 1909 coram
2384 1843 2505 1907 illo
2554 1843 2796 1907 ardere
2834 1862 3082 1907 consu-

1216 1953 1479 2022 everat,
1520 1947 1898 2029 apparebat
1936 1944 2397 2019 exstinctumz
2444 1944 2807 2025 episcopus
2846 1953 3075 2006 antem

1215 2045 1705 2109 cubicularium
1749 2063 1948 2108 suum
1990 2043 2295 2128 graviter
2334 2042 2736 2126 objurgans,
2785 2041 2966 2125 quod
3003 2043 3081 2105 in

1215 2144 1515 2208 tenebris
1573 2145 1920 2220 dormiret,
1969 2143 2298 2227 praecepit
2352 2148 2431 2205 ut
2476 2142 2805 2206 velociter
2854 2141 3083 2205 lumen

1218 2251 1554 2325 quaereret
1572 2251 1643 2308 et
1676 2243 1977 2307 inferret.
2079 2242 2357 2306 Interea
2383 2260 2547 2306 vero
2577 2241 2893 2318 antisteS‚
2924 2240 3081 2304 dum

1215 2342 1494 2406 luminis
1552 2342 1921 2407 adventum
1962 2341 2258 2423 vigilans
2306 2347 2760 2422 exspectaret,
2824 2340 3089 2404 audivit

1214 2460 1421 2505 voces
1462 2442 1659 2525 quasi
1697 2441 2035 2505 infantum
2071 2439 2664 2504 innumerabilium
2705 2439 2792 2502 de
2828 2458 3084 2502 coeme·

1216 2541 1393 2605 terio
1430 2548 1762 2605 exeuntes
1803 2541 2275 2623 plangentium
2325 2546 2396 2603 et
2446 2538 2802 2602 dicentium
2852 2540 3081 2601 mani-

1213 2638 1411 2715 feste,
1437 2639 1604 2704 ‘Vae
1625 2640 1846 2716 nobi&
1864 2659 1970 2703 vae
1996 2639 2228 2703 nobis!
2277 2637 2455 2716 Quis
2472 2638 2707 2702 amodo
2729 2656 2855 2718 pro
2874 2638 3080 2701 nobis

1216 2738 1438 2802 orabit
1471 2746 1543 2802 et
1566 2738 2033 2821 eleemosynas
2065 2737 2279 2814 dabit,
2303 2737 2415 2802 vel
2445 2757 2576 2819 pro
2596 2744 2826 2800 nostra
2852 2736 3081 2801 salute

1215 2836 1461 2900 missas
1516 2837 1888 2901 celebrabit
1903 2838 1955 2900 ‘t’
2054 2835 2364 2900 Audiens
2420 2842 2650 2900 autem
2708 2835 2834 2899 bas
2876 2855 3085 2900 voces

1215 2936 1576 3021 episcopus
1639 2936 1993 3020 obstupuit
2039 2936 2494 3011 vehementer,
2553 2955 2766 3019 supra
2811 2935 3085 3000 modum

1218 3036 1383 3118 quid
1402 3036 1869 3119 significarent
1888 3036 2257 3101 admirans,
2318 3034 2802 3100 cubicularius
2817 3055 3086 3118 quoqne

1218 3135 1369 3219 ejus
1418 3136 1648 3200 lumen
1688 3136 1958 3199 interim
1993 3154 2328 3218 quaerens‚
2368 3154 2524 3199 cum
2564 3154 2785 3217 neque
2822 3136 2897 3198 in
2931 3136 3084 3199 aula

1219 3253 1439 3317 neque
1459 3236 1528 3299 in
1548 3235 1845 3317 coquina
1864 3235 2093 3317 ignem
2113 3235 2499 3317 reperisset,
2521 3236 2742 3299 exivit
2763 3236 2836 3297 in
2853 3234 3085 3298 villam

1218 3335 1491 3412 anxius,
1526 3341 1619 3412 et,
1648 3335 1881 3398 multis
1903 3334 2050 3418 jam
2077 3334 2337 3398 aedibus
2367 3334 2828 3417 perlusa-affl,
2857 3333 3082 3398 lumen

1218 3439 1534 3514 optatum
1589 3453 1728 3497 non
1780 3434 2088 3513 invenit;
2157 3433 2458 3510 tandem,
2513 3452 2669 3497 cum
2719 3434 3086 3515 qnaerendo

1219 3530 1351 3594 huc
1380 3532 1544 3596 illuc
1572 3533 1982 3616 quandoque
2015 3532 2132 3595 diu
2170 3532 2626 3605 discurrisset‚
2654 3531 2832 3597 vidit
2857 3533 3084 3596 lumen

1218 3631 1415 3710 quasi
1442 3632 1514 3694 in
1536 3632 1779 3696 ultima
1799 3631 2000 3696 domo
2020 3631 2230 3708 villae,
2250 3639 2321 3694 et
2341 3631 2504 3695 illuc
2532 3651 2608 3694 se
2631 3650 2787 3695 cum
2808 3632 3083 3695 festina-

1216 3727 1403 3791 tione
1422 3730 1779 3795 conferens
1807 3729 2375 3795 invenitindomo
2406 3730 2762 3813 cujusdam
2792 3731 3083 3795 hominis

1218 3844 1463 3909 corpus
1491 3829 1831 3905 exanime,
1868 3838 1940 3893 et
1982 3849 2136 3893 cum
2182 3829 2580 3912 presbytero
2608 3829 2792 3893 villae
2826 3830 3079 3894 multos

1218 3926 1572 4009 utriusque
1622 3946 1831 3990 sexus
1876 3928 2187 3992 homines
2230 3929 2751 3992 circumstantes
2811 3937 2883 3993 et
2940 3948 3081 4012 prae

1218 4024 1450 4089 dolore
1509 4024 1813 4090 defuncti
1878 4026 2117 4092 flentes
2180 4034 2250 4092 et
2307 4028 2592 4110 capillos
2658 4029 2770 4091 sui
2837 4029 3081 4112 capitis

1218 4123 1689 4204 detrahentes3
1752 4133 1827 4191 at
1869 4126 2322 4190 cubicularius
2369 4127 2691 4210 episcopi,
2730 4147 2939 4210 super
2975 4128 3078 4191 his

1218 4241 1373 4304 quae
1417 4224 1593 4287 vidit
1640 4244 1780 4288 non
1829 4226 2117 4289 multum
2167 4225 2523 4302 sollicitus,
2576 4225 2808 4290 lumen
2858 4229 3083 4310 posuit

1217 4322 1288 4383 i'n
1318 4322 1582 4387 laterna
1612 4342 1763 4401 sua,
1792 4332 1862 4389 et
1894 4344 2047 4388 cum
2091 4325 2524 4389 festinatione
2562 4325 2650 4389 ad
2688 4326 3079 4409 episcopum

1218 4440 1527 4485 reversus
1570 4441 1726 4505 quae
1768 4424 1898 4488 sibi
1942 4424 2331 4488 acciderant
2370 4444 2492 4506 per
2534 4425 2838 4488 ordinem
2885 4445 3080 4489 enar-

1216 4521 1414 4587 ravit.
1507 4521 1822 4586 Cantatis
1873 4524 2086 4605 igitur
2141 4523 2519 4602 matutiniS,
2585 4542 2738 4587 cum
2782 4527 3084 4590 crastina
