3457 5887
1218 910 1349 977 230
1725 927 1992 977 uocum
2041 927 2133 976 nn
2176 927 2586 976 wnunovssn

905 1117 1014 1158 an.
1037 1116 1150 1156 mo.
1227 1091 1567 1165 Romano,
1616 1096 1686 1153 et
1731 1096 1891 1172 post
1928 1109 1971 1154 a
2011 1082 2417 1166 ¹Willelmo,
2447 1086 2911 1152 wintoniensi
2944 1085 3084 1169 epi·

924 2791 1107 2841 stophen

1226 1209 1461 1273 scopo,
1498 1195 1570 1252 et
1600 1187 2174 1253 Londoniensium
2208 1189 2528 1272 civitate3
2577 1187 2696 1251 sed
2729 1206 2918 1262 mox,
2944 1187 3084 1250 sive

1227 1287 1666 1355 subdolorum
1698 1288 2052 1364 instinctu,
2078 1289 2224 1353 sive
2258 1288 2392 1352 Dei
2423 1294 2620 1365 nutu,
2644 1280 2727 1350 ²a
2748 1286 3084 1351 Londoni-

1232 1389 1510 1454 ensibus
1561 1388 1855 1470 expulsa
1898 1407 2128 1470 regem
2161 1387 2583 1470 Stephanum
2631 1388 2703 1450 in
2748 1384 3085 1467 compedi-

1231 1489 1361 1552 bus
1406 1487 1568 1570 poni
1608 1487 1958 1570 praecepit,
1996 1494 2068 1552 et
2105 1486 2204 1551 sic
2242 1494 2404 1570 post
2428 1485 2576 1551 dies
2617 1503 2900 1568 paucos,
2938 1503 3083 1548 cum

1232 1586 1571 1652 avunculo
1599 1604 1726 1652 suo
1760 1605 1922 1668 rege
1947 1586 2332 1662 Scotorum,
2358 1592 2430 1649 et
2455 1584 2665 1649 fratre
2698 1604 2826 1649 suo
2847 1584 3089 1648 comite

1236 1687 1569 1763 Roberto,
1600 1692 1672 1749 et
1710 1686 1863 1749 aliis
1893 1692 2307 1750 armatorum
2341 1685 2581 1766 copiis,
2608 1692 2865 1749 turrem
2896 1683 3085 1747 Win-

1234 1785 1567 1851 toniensis
1619 1785 1922 1869 episcopi
1980 1784 2288 1863 obsedit3
2346 1784 2465 1848 sed
2525 1785 2888 1867 episcopus
2939 1783 3088 1845 mit·

1234 1893 1387 1949 tens
1417 1904 1542 1966 pro
1581 1885 1822 1966 regina
1854 1892 1924 1949 et
1953 1883 2302 1949 Willelm0
2333 1882 2658 1966 Ypre'nsi‚
2701 1902 2786 1947 ac
2830 1882 3087 1946 caeteris

1235 1981 1537 2066 Angliae,
1566 1985 1685 2067 qui
1731 1984 2080 2067 Stephano
2118 1983 2265 2066 regi
2305 1982 2652 2060 favebant,
2681 1981 3088 2065 proceribus,

1236 2102 1355 2147 eos
1401 2084 1474 2147 in
1519 2102 1716 2146 suum
1766 2082 2101 2147 auxilium
2148 2083 2486 2161 evocavit,
2532 2089 2626 2160 et,
2672 2081 2861 2146 facto
2904 2082 3089 2162 gravi

1236 2182 1493 2265 impetu
1541 2183 1615 2246 in
1671 2183 2049 2247 exercitum
2100 2183 2573 2265 imperatricis,
2626 2180 3091 2264 compulerunt

1239 2300 1503 2359 omnes„
1530 2281 1649 2363 qui
1682 2281 1755 2344 in
1787 2282 2136 2352 obsidione
2171 2289 2393 2359 erant,
2421 2283 2493 2345 in
2524 2282 2785 2362 fugam,
2811 2287 2884 2344 et
2922 2280 3091 2361 fugi-

1240 2388 1434 2444 entes
1493 2380 1779 2444 viriliter
1836 2381 2127 2445 insecuti
2186 2389 2512 2464 ceperunt
2580 2382 2758 2445 inter
2813 2388 3090 2444 caeteros

1243 2479 1623 2544 Robertum
1679 2480 1997 2544 comitem
2049 2487 2121 2544 et
2171 2479 2449 2544 fratrem
2503 2480 2975 2563 imperatricis,
3027 2479 3094 2541 in

1241 2579 1439 2662 cujus
1489 2579 1804 2644 custodia
1858 2599 1981 2643 rex
2033 2579 2421 2663 Stephanus
2473 2581 2845 2654 tenebatur,
2896 2578 3094 2661 cujus

1242 2678 1393 2743 sola
1460 2679 1780 2761 captione
1847 2698 1972 2742 rex
2041 2687 2311 2761 poterat
2369 2698 2414 2743 a
2471 2697 2737 2743 carcere
2795 2678 3092 2741 liberari.

1245 2772 1545 2860 Captus⁸
1571 2785 1679 2842 est
1699 2784 1926 2842 autem
1945 2778 2016 2841 in
2037 2779 2148 2842 die
2182 2778 2624 2843 exaltationis
2652 2783 2899 2841 sanctae
2922 2776 3099 2841 Cru-

1244 2877 1367 2955 cis,
1404 2876 1523 2941 sed
1561 2877 2008 2942 incontinenti
2042 2877 2245 2942 datus
2284 2885 2391 2942 est
2431 2897 2552 2942 rex
2597 2897 2720 2962 pro
2748 2896 2855 2955 eo,
2887 2884 2960 2940 et
3006 2876 3101 2939 sic

1244 2979 1444 3041 ambo
1481 2985 1646 3042 sunt
1674 2996 1719 3041 a
1747 2978 2037 3042 vinculis
2070 2977 2388 3043 absoluti.
2467 2975 2606 3042 Per
2630 2978 2812 3041 idem
2841 2984 3099 3059 tempus

1247 3065 1763 3154 Walerannus‚⁴
1814 3096 2040 3141 comes
2093 3077 2178 3141 de
2241 3076 2564 3155 Meslent,
2614 3078 2736 3160 qui
2798 3076 3097 3141 omnibus

1248 3175 1692 3241 Normanniae
1722 3184 2020 3260 praeerat
2048 3178 2462 3259 proceribuS,
2489 3175 2924 3241 concordiam
2950 3176 3099 3239 fecit

1245 3294 1399 3339 cum
1445 3276 1693 3341 comite
1744 3273 2233 3358 Andegavensi
2283 3275 2644 3354 Gaufrido,
2701 3285 2773 3340 et
2817 3275 3002 3340 dedit
3044 3275 3101 3338 ei

1247 3375 1604 3440 castellum
1655 3374 2150 3440 Montis-fortis
2184 3383 2256 3440 et
2296 3376 2653 3440 castellum
2696 3375 3006 3451 Falesiae,
3036 3381 3103 3437 et

1245 3474 1345 3537 sic
1401 3473 1848 3539 subdiderunt
1892 3493 1968 3538 se
2011 3475 2075 3538 ei
2124 3494 2358 3539 omnes
2398 3476 2527 3539 viri
2576 3482 2894 3558 potentes
2941 3475 3105 3540 citra

1248 3572 1501 3635 flumen
1546 3572 1887 3655 Sequanae
1926 3593 2146 3656 usque
2181 3574 2268 3638 ad
2319 3575 2535 3657 ripam
2585 3574 2806 3652 Risle,
2834 3581 2906 3638 et
2944 3573 3102 3636 fide-

1245 3668 1511 3734 litatem
1541 3672 1603 3735 ei
1623 3673 1955 3737 fecerunt.
2031 3672 2289 3737 Eodem
2313 3693 2492 3737 anno
2515 3673 2898 3750 Gileberto,
2930 3672 3106 3736 Lon-

1247 3769 1553 3834 doniensi
1630 3770 1979 3853 episcopo,
2054 3773 2172 3855 qui
2238 3772 2664 3837 Universalis
2736 3773 3108 3847 dicebatur,

1249 3863 1628 3937 Robertus³
1662 3869 1749 3933 de
1780 3870 2023 3951 Sigillo
2056 3873 2406 3939 successit.

1317 4073 1336 4105 ¹
1378 4078 1637 4140 willelmo,
1670 4076 1695 4141 ]
1768 4092 1841 4129 sc.
1896 4079 2121 4130 Henrieo
2146 4095 2163 4142 ς
2215 4097 2295 4132 ers
2319 4096 2551 4144 compare
2575 4083 2911 4143 Malmsbury,
2930 4098 2982 4145 p.
3004 4085 3116 4132 749.

1250 4146 1429 4208 Henry
1460 4148 1518 4196 of
1550 4148 1710 4209 Biois,
1743 4148 1945 4199 brother
1974 4150 2032 4198 of
2057 4150 2166 4199 Ste-
2284 4149 2306 4180 ⁸
2328 4152 2514 4216 Capru
2531 4147 2650 4222 esu]
2676 4153 2914 4202 malmsb.
2935 4167 2987 4214 p.
3005 4155 3116 4200 ⁷5³.

1248 4216 1398 4277 phen.
1487 4217 1595 4266 The
1628 4223 1781 4266 terme
1816 4233 1950 4268 were
1979 4220 2164 4281 agreed
2281 4218 2303 4248 ⁴
2326 4221 2690 4286 Walamir-m]
2717 4221 2929 4271 Brother
2946 4222 3006 4269 of
3023 4222 3123 4269 Ro-

1248 4300 1382 4348 upon
1393 4287 1462 4347 by
1474 4286 1559 4335 the
1573 4288 1759 4349 legate,
1773 4288 1952 4351 biahop
1966 4288 2065 4338 and
2080 4289 2165 4338 the
2213 4291 2322 4340 bert
2337 4291 2403 4340 de
2426 4292 2659 4341 Meulant
2671 4292 2862 4353 spoken
2874 4292 2934 4341 ot'
2946 4292 3121 4340 abore.

1248 4370 1489 4419 cmpress,
1526 4357 1579 4405 in
1613 4371 1647 4405 a
1683 4359 1824 4427 plain
1867 4373 1989 4426 near
2023 4360 2164 4407 Win-
2283 4358 2304 4388 ⁵
2327 4361 2563 4411 Βοῦσαι
2581 4364 2639 4411 de
2660 4361 2886 4424 sigilla]
2917 4363 2968 4410 S.
2993 4362 3119 4409 Ber-

1249 4425 1460 4488 chester,
1528 4440 1594 4474 on
1662 4426 1749 4476 the
1803 4428 1904 4477 2nd
1967 4428 2164 4478 March.
2213 4430 2337 4478 nard
2370 4432 2557 4493 speaks
2576 4432 2633 4480 of
2647 4432 2748 4480 him
2772 4446 2830 4480 as
2849 4432 2866 4458 ‘
2883 4420 3122 4491 'antiquus

1250 4494 1490 4545 Malmsb.
1514 4510 1568 4557 p.
1592 4499 1708 4545 743.
2213 4501 2425 4563 amicus,
2468 4501 2630 4551 fidelis
2683 4515 2875 4561 servus,
2909 4501 3125 4549 devotus

1314 4562 1338 4595 ¹
1356 4563 1402 4614 A
1438 4565 1847 4615 londoniensibus
1888 4570 2105 4631 expulsu.
2139 4569 2163 4632 ]
2214 4566 2396 4630 filius?
2418 4571 2557 4633 Opp.
2583 4570 2916 4632 Parin.1eoo;
2941 4574 3064 4620 tom.
3083 4571 3122 4620 i.

1246 4634 1396 4697 Upon
1414 4635 1499 4684 the
1522 4635 1740 4686 conduct
1759 4636 1818 4686 os
1831 4637 1915 4686 the
1938 4638 2168 4688 London·
2216 4654 2268 4701 p.
2292 4643 2406 4690 197.
