3457 5887
836 950 946 991 Aa).
968 952 1079 990 llos.

835 1002 1000 1041 notter·

837 1055 879 1090 οι
901 1052 1059 1090 Becket

836 1102 919 1141 and
936 1101 1089 1142 othere·

839 1548 1027 1589 Beckct'·

837 1610 1011 1639 nuova.

1153 754 1285 820 318
1658 771 1925 820 Rocsm
1973 773 2067 820 ns
2111 772 2520 822 wunnovssn

1155 938 1308 995 rato
1364 950 1543 995 nunc
1587 931 1672 995 ad
1718 950 1970 1014 papam
2022 932 2448 1016 appellamus
2497 953 2620 1015 per
2672 934 3023 1016 scriptum,

1156 1038 1227 1095 et
1263 1030 1743 1114 appellationis
1786 1032 2146 1096 terminum
2194 1032 2373 1097 diem
2416 1032 2832 1098 ascensionis
2872 1034 3021 1099 Do·

1154 1130 1421 1194 minicae
1453 1131 1937 1212 assignamus!

1202 1303 1491 1390 Epistola
1525 1302 1684 1369 beati
1718 1304 1971 1381 Tkomae,
2007 1305 2470 1369 Cantuariensis
2495 1303 2970 1389 arobiaepiscoffi,

1567 1404 1660 1469 ad
1686 1404 1983 1489 spiscopos
2012 1403 2429 1489 suffraqamos
2452 1424 2606 1468 sitos.

1237 1533 1257 1563 ‘
1273 1522 1622 1605 Thomas‚¹
1651 1528 2169 1593 Cantuariensis
2191 1528 2775 1612 archiepiscopus,
2786 1526 3025 1591 suffra-

1150 1629 1387 1710 ganeis
1416 1630 1582 1693 suis,
1656 1626 2140 1693 Frater-nitatis
2170 1636 2419 1692 vestrae
2449 1629 2803 1711 scriptum,
2834 1627 3018 1709 quod

1149 1734 1377 1793 tamen
1419 1728 1504 1792 de
1546 1728 1890 1792 communi
1915 1734 2147 1792 vestro
2180 1727 2466 1792 consilio
2506 1747 2643 1792 non
2682 1727 3015 1791 credimus

1148 1845 1526 1904 emanasse,
1583 1846 1805 1909 nuper
1852 1827 2297 1909 suscepimus,
2348 1827 2551 1911 cujus
2600 1826 3014 1891 coutinentia

1147 1927 1303 2010 plus
1350 1927 1558 1990 habet
1589 1926 2057 1992 mordacitatis
2096 1945 2301 2009 quam
2340 1927 2612 2005 solatii;
2658 1934 2726 1989 et
2755 1926 3012 1989 utinam

1147 2027 1369 2108 magis
1412 2025 1730 2090 emissum
1775 2033 1957 2089 esset
2001 2025 2088 2089 de
2130 2026 2438 2090 caritatis
2493 2026 2766 2102 effectu,
2815 2043 3014 2107 quam

1148 2125 1235 2189 de
1268 2125 1656 2189 obedientia
1676 2125 2092 2190 voluntatis!
2170 2125 2350 2189 Dico
2382 2125 2602 2203 vobis,
2631 2125 2832 2188 salva
2858 2144 3017 2207 pace

1148 2232 1403 2302 vestra,
1450 2224 1631 2306 quod
1684 2224 1901 2289 multo
1940 2232 2243 2306 tempore
2285 2224 2470 2301 silui,
2503 2232 2925 2307 exspectans
2961 2225 3014 2286 si

1148 2322 1323 2389 forte
1365 2324 1731 2406 inspiraret
1758 2324 1948 2388 vobis
1994 2323 2187 2388 Deus
2230 2331 2311 2387 ut
2353 2324 2787 2388 resumeretis
2821 2324 3022 2399 viros,

1146 2424 1267 2505 qui
1310 2424 1621 2488 conversi
1665 2423 1832 2487 estis
1875 2430 2255 2487 retrorsum·
2288 2423 2362 2487 in
2394 2423 2498 2487 die
2541 2422 2725 2500 belli,
2765 2424 2830 2486 si
2879 2423 3018 2486 sal-

1146 2529 1284 2586 tem
1335 2521 1583 2604 aliquis
1636 2541 1725 2587 ex
1770 2523 1966 2587 vobis
2009 2522 2406 2588 ascenderet
2443 2542 2527 2586 ex
2568 2522 2891 2599 adverso,
2939 2530 3014 2585 et

1145 2629 1525 2704 opponeret
1569 2641 1645 2686 se
1685 2640 1953 2685 murum
1992 2641 2116 2705 pro
2161 2622 2365 2687 domo
2405 2621 2640 2700 Israel,
2678 2630 2748 2686 et
2778 2628 3012 2685 certa-

1144 2739 1297 2782 men
1340 2720 1546 2785 iniret
1587 2728 1827 2785 contra
1868 2740 2012 2799 eos,
2056 2722 2175 2803 qui
2219 2740 2358 2788 non
2394 2730 2655 2787 cessant
2699 2721 3013 2804 quotidie

1143 2820 1557 2901 exprobrare
1589 2820 1849 2902 agmini
1877 2821 2011 2886 Dei
2035 2841 2054 2902 ς
2100 2821 2221 2885 sed
2248 2841 2386 2885 non
2411 2828 2518 2886 est
2538 2822 2655 2905 qui
2682 2820 3017 2886 ascendit.

1145 2918 1191 2982 J
1196 2918 1426 2986 udicet
1469 2939 1633 3003 ergo
1677 2919 1871 2985 Deus
1913 2921 2095 2986 inter
2136 2940 2246 2986 me
2289 2929 2363 2986 et
2394 2940 2546 2999 voS,
2594 2930 2666 2988 et
2713 2921 3018 3004 requirat

1144 3018 1450 3085 ecclesiae
1492 3019 1958 3086 confusionem
1999 3021 2084 3085 de
2127 3023 2443 3086 manibus
2474 3021 2748 3099 vestris,
2793 3040 3018 3103 quam,

1143 3118 1313 3185 velit
1363 3120 1535 3185 nolit
1595 3120 1913 3199 mundus,
1965 3140 2242 3185 necesse
2297 3128 2405 3186 est
2453 3121 2526 3185 in
2574 3122 2786 3185 verbo
2838 3129 3016 3184 stare

1144 3218 1304 3297 Dei,
1346 3218 1422 3283 in
1461 3239 1597 3303 quo
1645 3219 1935 3284 fundata
1982 3226 2113 3298 est,
2164 3220 2380 3286 donec
2420 3219 2610 3285 venit
2657 3221 2831 3285 hora
2869 3220 3015 3303 ejus

1141 3327 1221 3382 ut
1249 3325 1557 3384 trauseat
1584 3338 1673 3383 ex
1702 3318 1830 3384 hoc
1859 3320 2115 3384 mundo
2150 3320 2234 3384 ad
2272 3320 2573 3384 Patrem.
2652 3318 3016 3383 Exciditne

1142 3437 1187 3481 a
1228 3419 1554 3483 memoria
1583 3426 1815 3484 vestra
1847 3418 2013 3503 quid
2056 3425 2375 3501 ageretur
2429 3439 2696 3484 mecum
2740 3427 2818 3483 et
2862 3439 3012 3482 cum

1139 3518 1428 3582 ecclesia
1488 3518 1621 3582 Dei
1673 3517 1856 3601 apud
1903 3518 2519 3602 Norhamptonam,
2564 3538 2722 3583 cum
2767 3520 3010 3592 iterum

1128 3614 1557 3698 judicaretur
1621 3616 1935 3682 Christus
1989 3617 2061 3681 in
2120 3638 2413 3702 persona
2466 3638 2622 3682 mea
2673 3626 2834 3682 ante
2883 3618 3006 3681 tri·

1139 3714 1345 3777 bunal
1387 3715 1720 3799 praesidiS‚
1779 3735 1932 3780 cum
1979 3724 2358 3782 arctaretur
2404 3717 2659 3800 praesul
2711 3717 3006 3782 Cantua-

1135 3812 1379 3876 riensis
1436 3815 1524 3878 ob
1580 3814 1870 3898 injurias
1916 3816 2044 3881 sibi
2094 3824 2164 3881 et
2214 3818 2518 3882 ecclesiae
2569 3817 2706 3881 Dei
2755 3817 3008 3900 passim

1134 3911 1365 3976 illatas
1426 3919 1498 3978 et
1545 3921 1907 3995 cogeretur
1961 3915 2343 3981 Romanam
2411 3916 2833 3981 audientiam
2887 3935 3011 3998 ap-

1132 4011 1435 4093 pellare?
1539 4010 1716 4091 Quis
1771 4032 2073 4098 unquam
2119 4016 2291 4081 vidit
2339 4016 2450 4081 vel
2511 4016 2781 4080 audivit
2827 4015 3008 4080 Can-

1134 4111 1543 4175 tuariensem
1595 4112 2180 4197 archiepiscopum
2213 4115 2534 4199 judicari,
2571 4115 3010 4180 condemnari

1131 4209 1218 4273 ad
1275 4210 1777 4294 fidejussionem
1824 4213 1895 4276 in
1944 4215 2137 4278 curia
2173 4216 2376 4296 regis,
2422 4223 2492 4279 et
2544 4235 2590 4278 a
2634 4216 2781 4278 suis
2828 4233 3009 4296 prae-

1131 4309 1328 4392 cipue
1356 4311 1805 4394 suffraganeis
1827 4314 1857 4376 't
1924 4313 1997 4376 Si
2032 4313 2229 4378 nobis
2260 4315 2755 4392 recedentibuS‚
2788 4321 2864 4376 ut
2896 4313 3012 4375 di-

1232 4535 1246 4565 ¹
1267 4537 1507 4600 mmmm]
1541 4536 1784 4598 Compare
1806 4535 2006 4600 Diceto‚
2027 4538 2125 4588 col.
2149 4541 2266 4600 5⁴4,
2286 4537 2407 4586 with
2429 4538 2518 4587 lib.
2541 4538 2579 4588 i.
2601 4552 2686 4598 ep.
2709 4538 2899 4586 cxxvii.
