3457 5887
871 846 1146 896 nonus
1192 811 1724 895 'mss-ommium.
2101 831 2232 898 223

359 1007 890 1072 Dunelmensem
955 1005 1370 1089 episcopum,
1438 1006 1524 1069 ad
1588 1005 1917 1088 populum
1982 1006 2228 1071 exhor·
2253 1025 2533 1117 3331th

358 1108 670 1184 tandum,
713 1107 857 1190 qui,
915 1113 1110 1169 stans
1157 1106 1229 1167 in
1287 1105 1432 1168 acie
1474 1105 1699 1169 media
1749 1106 1821 1169 in
1869 1106 2021 1170 loco
2064 1108 2230 1170 emi-
2254 1086 2471 1167 saneim.

361 1208 578 1283 nenti,
614 1225 777 1270 usus
824 1212 931 1269 est
975 1204 1362 1288 hujusmodi
1404 1205 1781 1285 incentiv03
1832 1197 2230 1271 ¹‘Proceres

365 1306 641 1387 Angliae
688 1304 1067 1380 clarissimi,
1123 1302 1730 1386 Normannigenae,
1772 1311 2013 1369 contra
2057 1324 2228 1387 quos

361 1405 595 1468 audax
624 1403 918 1469 Francia
948 1401 1431 1479 contremiscit,
1459 1402 1655 1466 ferox
1677 1401 1934 1485 Anglia
1966 1423 2010 1468 a
2036 1404 2228 1467 vobis

361 1511 573 1588 capta
613 1502 1015 1579 succumbit,
1053 1501 1245 1566 dives
1282 1499 1538 1584 Apulia
1579 1521 1703 1565 vos
1737 1502 1981 1567 sortita
2026 1503 2228 1568 reflo-

362 1604 531 1679 ruit,
584 1601 1019 1666 Hierusalem
1075 1600 1340 1665 famosa
1392 1608 1463 1664 et
1516 1601 1808 1683 insignis
1861 1600 2230 1667 Antiochia

364 1709 660 1784 utraque
702 1721 777 1766 se
828 1701 1025 1766 vobis
1069 1700 1451 1783 supposuit,
1497 1718 1678 1764 nunc
1731 1701 1981 1778 Scotia‚
2033 1702 2229 1767 vobis

360 1802 497 1866 rite
558 1801 890 1885 subjecta,
950 1800 1275 1882 repellere
1328 1806 1638 1876 conatur,
1684 1798 2007 1864 inermem
2056 1820 2227 1883 prae-

361 1900 591 1965 ferens
651 1899 1128 1975 temeritatem,
1176 1899 1402 1980 aptior
1458 1899 1631 1962 rixae
1687 1918 1895 1981 quam
1950 1920 2225 1983 pugnae.

365 1999 628 2064 Nullus
679 2000 891 2082 igitur
936 1998 1029 2062 sit
1071 1997 1347 2063 verendi
1395 1996 1610 2075 locus,
1664 1998 1786 2062 sed
1830 2000 2058 2082 potius
2107 2020 2228 2065 ve-

364 2100 731 2176 recundiae,
787 2098 969 2181 quod
1014 2096 1139 2173 illi,
1188 2116 1361 2180 quos
1411 2115 1678 2180 semper
1720 2098 1792 2161 in
1836 2098 2059 2182 patria
2102 2118 2231 2163 sua

368 2198 738 2279 petivimus
787 2204 856 2261 et
890 2196 1199 2272 vicimus,
1242 2214 1422 2259 nunc
1458 2195 1529 2259 in
1569 2198 1859 2279 patriam
1904 2205 2231 2276 nostram,

369 2297 510 2361 ritu
554 2304 967 2372 transverso,
1012 2295 1358 2359 dementes
1413 2302 1484 2359 et
1532 2295 1703 2359 ebrii
1750 2297 2230 2377 convolarunt3

372 2396 557 2479 quod
629 2403 858 2460 tamen
927 2413 1055 2476 ego
1116 2394 1365 2478 praesul
1425 2395 1622 2459 vobis
1684 2394 1920 2460 divina
1978 2395 2232 2460 factum

372 2494 804 2578 providentia
858 2494 1209 2571 denuntio,
1264 2501 1342 2558 ut
1403 2493 1493 2568 hi,
1543 2494 1662 2577 qui
1711 2495 1783 2557 in
1830 2493 1959 2558 hac
2008 2496 2236 2576 patria

369 2594 628 2677 templa
668 2594 803 2658 Dei
851 2593 1217 2668 violarunt,
1280 2593 1529 2657 altaria
1575 2593 1988 2676 polluerunt,
2047 2614 2236 2677 pres-

366 2695 645 2777 byteros
674 2692 1090 2769 occiderunt,
1120 2709 1246 2755 nec
1285 2693 1511 2775 pueris
1555 2711 1680 2755 nec
1722 2695 2235 2776 praegnantibus

370 2799 844 2876 pepercerunt,
898 2793 970 2856 in
1030 2791 1266 2856 eadem
1315 2791 1692 2873 condignas
1759 2791 1869 2855 sui
1916 2792 2236 2859 facinoris

371 2892 573 2957 luant
616 2911 882 2975 poenas.
984 2889 1304 2956 Attollite
1355 2891 1570 2974 igitur
1617 2889 1904 2969 animos,
1938 2891 2069 2957 viri
2102 2893 2233 2959 ele-

374 2999 662 3074 gantes3
700 2992 933 3056 hostes
970 2989 1418 3074 nequissimos
1460 2991 1688 3074 patria
1722 2992 2003 3069 virtute,
2030 2993 2236 3058 immo

379 3089 519 3155 Dei
582 3090 1031 3175 praescientia,
1087 3090 1461 3172 confligite,
1510 3091 1630 3173 qui
1685 3110 1761 3155 se
1805 3091 2119 3156 nesciunt
2165 3093 2238 3157 in

375 3191 560 3254 bello
604 3190 875 3267 armari,
924 3209 1048 3254 nec
1099 3209 1301 3255 casus
1352 3189 1513 3253 belli
1557 3189 1802 3255 dubios
1855 3192 2234 3275 suspicetis.

373 3288 672 3372 Tegitur
712 3290 905 3354 vobis
953 3289 1166 3354 lorica
1207 3296 1471 3371 pectus,
1508 3289 1710 3371 galea
1754 3297 1986 3374 caput,
2025 3293 2240 3355 ocreis

370 3408 603 3466 crura,
646 3396 717 3453 et
758 3389 996 3472 clypeo
1038 3395 1259 3454 totum
1301 3407 1548 3471 corpus
1578 3408 1597 3467 3
1645 3389 1764 3452 ubi
1796 3389 1997 3454 feriat
2024 3390 2239 3454 hostis

372 3508 519 3553 non
549 3488 825 3571 reperit,
868 3507 1068 3571 quem
1118 3494 1386 3571 septum
1424 3488 1632 3551 armis
1670 3487 1972 3571 undique
2000 3490 2239 3554 cernit.

373 3587 568 3667 Quid
616 3587 830 3669 igitur
868 3588 1158 3652 inermes
1202 3586 1532 3652 dubitatis
1584 3594 1655 3651 et
1695 3587 1947 3652 inertes
1973 3589 2004 3651 'l
2103 3588 2237 3653 Sed

363 3687 523 3772 jam
573 3686 773 3751 finem
826 3687 1148 3769 loquendi
1192 3687 1550 3752 conferunt
1586 3686 1819 3750 hostes
1858 3686 2241 3752 inordinate

372 3793 803 3870 proruentes,
830 3785 1119 3868 dispersi
1148 3785 1589 3863 confluentes,
1620 3786 1801 3868 quod
1836 3786 2062 3851 animo
2091 3806 2243 3852 meo

372 3887 553 3949 satis
584 3885 830 3968 placet.
930 3884 1006 3949 Si
1050 3886 1204 3969 quis
1247 3886 1539 3968 denique
1585 3893 1886 3950 vestrum
1932 3905 2056 3969 pro
2090 3886 2243 3951 Deo

372 4004 696 4066 pugnans
744 3992 815 4048 et
867 3985 1092 4067 patria
1151 3985 1564 4061 occubuerit,
1619 3984 2035 4050 absolvimus
2087 4005 2242 4049 eum

376 4086 466 4148 ab
518 4084 701 4147 omni
751 4103 957 4166 poena
999 4084 1261 4168 peccati
1306 4085 1375 4148 in
1430 4083 1703 4148 nomine
1749 4082 2003 4161 Patris,
2047 4084 2243 4168 cujus

377 4190 736 4248 creaturas
805 4183 986 4248 foede
1058 4191 1128 4248 et
1202 4183 1618 4248 horribiliter
1659 4190 2114 4265 peremerunt,
2172 4191 2243 4248 et

381 4283 571 4360 Filii,
601 4283 795 4367 cujus
831 4283 1074 4347 altaria
1108 4283 1516 4366 polluerunt,
1551 4289 1622 4346 et
1658 4283 1954 4366 Spiritus
1986 4283 2245 4360 Sancti,

380 4383 585 4466 cujus
615 4382 908 4463 gratiam
944 4383 1270 4446 immania
1320 4389 1789 4465 perpetrantes
1837 4389 1908 4446 et
1945 4383 2247 4448 enormia

446 4556 463 4589 ¹
480 4558 755 4622 Proca-ea]
805 4558 913 4607 The
956 4559 1138 4621 speech
1177 4558 1236 4608 ot'
1271 4558 1355 4607 the
1397 4556 1575 4618 bishop
1619 4557 1666 4605 is
1697 4557 1816 4606 here
1848 4555 2091 4618 abridged
2123 4555 2248 4605 from

380 4628 734 4690 Huntingdon,
752 4643 805 4690 p.
823 4631 934 4678 ⁸88.
1134 4672 1139 4677 .
