3457 5887
997 839 1272 888 FLORBS
1316 837 1852 889 msa-omnum.
2280 825 2363 890 11

484 1016 636 1061 sum
679 997 870 1081 prius
919 996 992 1060 in
1038 996 1220 1062 hunc
1280 995 1557 1061 modum
1617 995 1909 1077 affatui-3
1971 1002 1992 1031 ‘
2018 996 2362 1080 Agnoscis
2384 1015 2494 1056 sn.
2517 1016 2627 1056 10⁷2.

485 1096 686 1159 me‘l’
730 1096 997 1180 inquit;
1063 1105 1132 1161 et
1198 1096 1446 1172 socius,
1497 1095 1911 1179 ‘Agnos00,’
1959 1099 2314 1180 respondit
2341 1121 2360 1179 ;
2385 1066 2566 1116 m

488 1204 558 1259 et
591 1196 790 1273 alius,
821 1195 1224 1261 ‘Adventus
1271 1213 1485 1271 meus,
1529 1196 1791 1273 amice,'
1840 1197 2081 1279 inquit,
2112 1203 2133 1232 ‘
2157 1198 2361 1262 valde

488 1294 615 1358 tibi
669 1296 801 1359 erit
844 1293 941 1381 (si
992 1292 1326 1379 volueris)
1376 1296 1825 1372 necessarius,
1871 1295 2037 1360 mihi
2087 1316 2360 1379 quoque

488 1393 1003 1474 infructuosus3
1074 1414 1257 1471 nam,
1315 1394 1591 1477 prolata
1644 1402 1885 1460 contra
1941 1415 2049 1459 me
2107 1415 2151 1460 a
2208 1396 2361 1461 Deo

492 1495 853 1571 sententia,
886 1494 1253 1576 deputatus
1297 1513 1447 1557 sum
1482 1494 1688 1557 miser
1713 1494 2066 1577 suppliciis
2112 1496 2363 1578 sempi-

490 1592 750 1656 ternis!
850 1592 1162 1675 Cumque
1212 1594 1412 1657 vivus
1473 1593 1562 1656 ad
1619 1594 2036 1676 ereptionem
2089 1596 2362 1673 mortui,

491 1692 716 1756 omnia
743 1706 870 1755 sua
898 1693 1328 1757 monasteriis
1358 1711 1432 1755 se
1457 1692 1778 1756 daturum
1809 1700 1880 1757 et
1910 1695 2167 1775 egenis,
2200 1714 2363 1778 pro-

493 1790 805 1870 misisset,
845 1810 1054 1874 seque
1081 1791 1226 1855 dies
1260 1798 1330 1854 et
1358 1799 1592 1855 noctes
1618 1791 1905 1876 jejuniis
1936 1800 2006 1856 et
2034 1794 2363 1857 orationi-

490 1890 618 1953 bus
684 1892 1240 1955 continuaturum
1300 1891 1803 1973 spopondisset,
1854 1897 1875 1926 ‘
1904 1892 2156 1955 Fixum
2212 1894 2363 1971 est,’

491 1988 716 2071 inquit
753 1996 1084 2067 mortuus,
1118 1988 1344 2072 ‘quod
1377 1990 1568 2070 dixi3
1618 2010 1800 2067 nam,
1831 1991 1995 2073 quia
2038 1991 2184 2055 sine
2212 2011 2363 2074 poe-

496 2089 789 2152 nitentia
817 2089 1101 2165 decessi,
1117 2088 1313 2173 justa
1344 2097 1503 2154 sunt
1521 2089 1787 2173 judicia
1819 2090 1975 2167 Dei,
2002 2091 2248 2173 quibus
2292 2092 2364 2155 in

500 2187 936 2269 sulphuream
965 2188 1361 2269 voraginem
1393 2188 1636 2251 inferni
1666 2208 1818 2251 sum
1847 2190 2216 2267 demersuS,
2247 2191 2365 2254 ubi

503 2290 524 2318 ‘
547 2285 734 2349 Dum
767 2294 953 2351 rotat
984 2294 1172 2350 astra
1200 2286 1424 2369 poluS,
1456 2294 1525 2350 et
1548 2288 1778 2368 pulsat
1801 2287 2036 2353 littora
2068 2289 2365 2370 pontus,'

500 2404 628 2466 pro
660 2384 1051 2450 criminibus
1080 2387 1248 2449 meis
1280 2387 1682 2468 torquebor3
1732 2393 1825 2463 et,
1853 2394 1930 2451 ut
1952 2386 2248 2469 aliquam
2277 2407 2366 2450 ex

500 2484 725 2565 poenis
754 2485 922 2547 meis
953 2484 1559 2549 innumerabilibus
1611 2485 2013 2568 experiaris,
2041 2486 2368 2568 protende

498 2600 773 2645 manum
803 2590 1017 2661 tuam,
1051 2591 1131 2647 ut
1161 2590 1434 2665 guttam
1470 2584 1716 2648 saltem
1749 2603 1957 2649 unam
1995 2584 2367 2649 stillantem

500 2680 585 2745 de
629 2681 875 2745 sudore
906 2702 1059 2748 meo
1096 2684 1373 2748 sanioso
1419 2684 1709 2766 recipias
1731 2684 1775 2763 3’
1825 2702 2030 2767 quam
2078 2703 2232 2748 cum
2262 2685 2366 2748 vi-

502 2800 630 2844 vus
661 2782 1054 2863 recepisset,
1081 2789 1307 2846 cutem
1336 2791 1408 2847 et
1438 2802 1712 2846 carnem
1743 2784 1921 2848 sicut
1954 2783 2174 2865 ignito
2201 2803 2364 2848 cau-

505 2880 678 2942 terio
732 2879 1129 2963 perforavit,
1173 2881 1478 2946 foramen
1529 2883 1723 2946 nucis
1766 2882 2097 2948 avellanae
2144 2902 2369 2967 capax

509 2976 828 3042 efficiens·
930 2979 1132 3071 socio
1186 2981 1440 3045 doloris
1498 2982 2035 3062 magnitudinem
2079 2982 2374 3047 clamore

509 3085 832 3154 testante,
860 3082 881 3111 ‘
902 3076 1109 3155 Hoc,’
1139 3080 1365 3162 inquit
1391 3086 1722 3156 mortuus,
1749 3085 1770 3114 ‘
1791 3080 1922 3144 erit
1958 3081 2106 3157 tibi,
2136 3100 2374 3163 quam-

507 3177 627 3240 diu
679 3178 957 3255 vixeris,
1019 3187 1090 3243 et
1137 3197 1495 3260 poenarum
1554 3198 1858 3242 mearum
1906 3197 2120 3260 grave
2170 3180 2378 3244 docu-

506 3283 830 3353 mentum,
882 3284 951 3340 et
1005 3277 1174 3341 nihil
1224 3277 1611 3359 neglexeris
1661 3277 1907 3341 salutis
1951 3285 2088 3342 tuae
2139 3280 2374 3361 sing-u-

502 3375 646 3439 lare
709 3376 1075 3439 remedium
1114 3397 1132 3457 ;
1195 3385 1634 3459 quapropter,
1692 3377 1850 3441 dum
1903 3385 2125 3460 potes,
2179 3386 2374 3444 muta

505 3475 835 3551 habitum,
881 3483 1075 3539 muta
1117 3483 1188 3540 et
1231 3476 1554 3553 animum,
1589 3495 1727 3559 quo
1781 3478 2003 3558 possis
2046 3478 2220 3541 iram
2272 3480 2373 3543 tui

497 3561 804 3655 'effugere
833 3573 1273 3639 conditoris!
1350 3575 1462 3639 Ad
1495 3577 1644 3639 haec
1669 3577 1881 3640 verba
1907 3576 2066 3642 vivo
2096 3596 2377 3658 respon-

512 3673 674 3736 dere
719 3673 1015 3751 nolente,
1041 3682 1350 3739 mortuus
1388 3694 1540 3738 eum
1592 3675 1792 3739 oculo
1832 3676 2170 3739 severiore
2220 3696 2374 3758 per-

513 3773 816 3849 strinxit,
866 3773 1122 3850 dicenS,
1155 3779 1176 3807 ‘
1201 3772 1274 3836 Si
1303 3773 1576 3836 dubitas
1620 3775 1825 3836 miser
1858 3776 2191 3852 converti,
2224 3774 2377 3859 lege

511 3869 745 3934 literas
799 3872 967 3935 istas
1004 3872 1045 3951 ς’
1105 3879 1175 3936 et
1220 3872 1418 3935 simul
1469 3892 1624 3936 cum
1666 3874 1874 3936 verbo
1918 3893 2190 3937 manum
2254 3894 2378 3938 ex-

510 3971 752 4052 pandit
807 3972 1002 4035 tetris
1064 3972 1280 4036 literis
1330 3972 1751 4054 inscriptam,
1815 3973 1883 4035 in
1947 3973 2195 4054 quibus
2256 3972 2381 4036 Sa-

511 4068 762 4133 thanas
811 4078 882 4134 et
935 4091 1136 4135 omne
1176 4071 1693 4136 contubernium
1740 4070 2153 4134 infernorum
2198 4073 2382 4136 omni

514 4169 976 4235 ecclesiastico
1044 4171 1253 4234 coetui
1319 4171 1581 4251 gratias
1642 4171 1915 4246 emittit,
1980 4170 2163 4253 quod
2227 4190 2380 4234 cum

517 4269 588 4332 in
632 4268 820 4332 nullo
864 4270 1007 4332 suis
1054 4269 1522 4353 voluptatibus
1564 4269 1901 4347 deessent,
1947 4276 2208 4333 tantum
2258 4289 2383 4333 nu-

515 4387 775 4430 merum
833 4369 1260 4432 subditarum
1321 4369 1451 4433 sibi
1504 4368 1879 4432 animarum
1946 4388 2090 4432 suae
2142 4370 2389 4451 praedi-

518 4468 808 4530 cationis
870 4469 1134 4531 incuria
1183 4476 1581 4551 paterentur
1634 4468 1718 4530 ad
1781 4468 2045 4531 inferna
2109 4468 2388 4531 descen-

518 4566 699 4643 dere,
732 4575 1063 4649 quantum
1110 4587 1458 4649 nunquam
1502 4568 1736 4632 secula
1781 4575 1959 4632 retro
2009 4575 2168 4644 acta
2205 4566 2393 4630 vide·
