3457 5887
1209 833 1341 901 242
1706 850 1971 899 nocam
2017 851 2112 898 na
2155 850 2570 899 wannovssa

894 1036 1002 1076 ιι).
1023 1037 1134 1077 ιιυ.
1215 1013 1545 1088 cinarum,
1572 1010 1689 1093 qui
1720 1010 1927 1074 etiam
1960 1029 2114 1073 cum
2157 1009 2579 1093 principibus
2607 1010 2694 1073 de
2721 1009 2918 1072 modo
2953 1010 3088 1073 viae

898 1136 1111 1178 normae
1216 1122 1289 1179 et
1324 1112 1549 1175 diaetae
1591 1111 1980 1193 quantitate
2024 1117 2426 1175 tractarent.
2518 1110 2821 1174 Praeibat
2861 1117 3091 1173 autem

895 1187 1165 1228 mmm·
1216 1213 1337 1276 ina
1383 1212 1493 1276 die
1544 1210 1652 1273 vir
1696 1210 1944 1274 nobms
1998 1208 2374 1274 eanfridus
2425 1211 2510 1275 de
2562 1210 2923 1286 Rancona‚
2973 1209 3093 1291 qui

1218 1332 1372 1377 cum
1419 1310 1808 1391 agminibus
1855 1317 2152 1375 montem
2199 1311 2573 1374 ascendens
2618 1310 2708 1374 ad
2749 1310 2902 1393 ejus
2948 1308 3088 1371 fas-

1219 1412 1463 1493 tigium
1519 1410 1854 1492 pervenit,
1908 1409 2092 1493 quod
2149 1408 2363 1475 Turci
2410 1418 2927 1492 cognoscentes,
2975 1409 3092 1492 qui

1220 1510 1593 1575 exercitum
1621 1510 1815 1574 illum
1849 1529 1893 1573 a
1921 1509 2138 1574 latere
2169 1509 2572 1575 insidiantes
2605 1510 3091 1592 sequebantur,

1220 1610 1291 1672 in
1348 1610 1651 1674 Francos
1708 1630 1848 1674 non
1906 1609 2416 1692 praemeditatos
2464 1617 2782 1692 potenter
2826 1611 3094 1673 irruunt

1221 1717 1292 1774 et
1325 1729 1560 1775 eorum
1601 1709 1907 1791 legiones
1940 1709 2368 1789 dissolvunt3
2427 1709 2673 1773 cecidit
2713 1717 2945 1773 autem
2985 1708 3093 1772 die

1219 1810 1362 1887 illa,
1396 1829 1561 1873 casu
1588 1808 1985 1886 miserabili,
2028 1810 2249 1891 gloria
2281 1809 2702 1873 Francorum
2747 1817 2817 1874 et
2852 1809 3087 1886 virtus,

1221 1911 1340 1993 qui
1388 1909 1565 1972 forte
1621 1916 2058 1990 peccatorum
2116 1909 2413 1973 tenebris
2461 1908 2758 1974 involuti
2804 1910 3085 1991 mystica

1222 2028 1454 2072 secum
1485 2008 1784 2071 Domino
1811 2027 2094 2072 munera
2125 2028 2262 2071 non
2289 2008 2618 2072 serebant.
2689 2008 2842 2072 Nec
2867 2017 3083 2072 tamen

1223 2128 1349 2172 rex
1403 2115 1683 2191 propter
1735 2127 1971 2171 casum
2025 2108 2197 2171 adeo
2247 2108 2600 2172 sinistrum
2651 2127 2695 2171 a
2749 2109 3087 2191 proposito

1224 2208 1450 2290 potuit
1492 2208 1826 2285 revocari,
1866 2207 2030 2291 quin
2075 2208 2691 2291 peregrinationem
2729 2228 3087 2291 proseque-

1225 2314 1415 2371 retur
1468 2306 1837 2387 inceptam,
1891 2306 2013 2371 sed
2067 2307 2336 2372 ardenti
2395 2307 2728 2371 desiderio
2779 2328 2939 2374 cum
2990 2329 3088 2372 re-

1225 2407 1393 2488 gina
1435 2424 1563 2469 sua
1605 2405 1892 2471 Alienor
1933 2406 2020 2470 ad
2063 2407 2197 2471 iter
2237 2426 2314 2470 se
2357 2407 2718 2489 accingens
2759 2407 3088 2474 Hieroso·

1224 2505 1481 2589 lymam
1524 2506 1799 2570 tandem
1845 2506 2200 2589 pervenit3
2263 2507 2380 2570 ubi
2424 2527 2470 2572 a
2517 2526 2674 2589 rege
2719 2507 3086 2573 honorifice

1224 2613 1586 2688 susceptus
1642 2613 1712 2670 et
1758 2606 2036 2688 populo,
2084 2607 2171 2670 de
2216 2626 2407 2684 casu,
2458 2608 2575 2690 qui
2615 2608 2946 2672 acciderat
2995 2609 3082 2684 ei,

1224 2724 1359 2768 non
1386 2704 1819 2769 mediocriter
1847 2706 2321 2771 condolebant.

1280 2878 1379 2945 De
1409 2876 1707 2945 obsidione
1735 2879 2036 2946 Damasci
2062 2902 2104 2945 a
2122 2878 2522 2968 principibus
2533 2881 2867 2968 predictis,
2897 2891 2952 2946 et
2980 2880 3051 2943 de

1566 2980 1922 3064 proditione
1952 2980 2346 3045 orientalium
2373 2991 2750 3068 maynatum.

901 3109 1148 3200 ffgss,
1322 3103 1699 3188 Completis
1744 3105 2021 3170 tandem
2071 3106 2156 3170 de
2199 3128 2386 3172 more
2437 3108 2890 3183 orationibus,
2933 3126 3083 3171 con-

1219 3213 1553 3270 venerunt
1579 3206 1666 3270 ad
1695 3206 2109 3289 colloquium
2137 3206 2506 3290 imperator
2543 3208 2901 3273 Romanus
2939 3226 3079 3270 cum

1218 3306 1494 3386 regibus
1558 3305 2197 3389 Hierosolymamm
2258 3315 2328 3372 et
2383 3308 2827 3385 Francorum,
2878 3313 2957 3370 ut
3007 3305 3082 3368 de

1219 3403 1448 3469 fructu
1511 3413 1726 3470 tantae
1800 3406 2365 3489 peregrinationis
2424 3416 2493 3471 et
2563 3416 2767 3472 terrae
2834 3414 3079 3470 sanctae

1217 3512 1504 3582 agerent
1531 3506 1972 3570 incremento.
2048 3505 2353 3571 Tandem
2382 3527 2615 3571 omnes
2647 3510 2721 3572 in
2753 3507 2883 3571 hoc
2913 3525 3081 3569 com-

1217 3601 1512 3665 muniter
1542 3613 2057 3682 consenserunt,
2082 3614 2162 3671 ut
2189 3607 2633 3685 Damascum,
2660 3608 2899 3671 urbem
2924 3603 3076 3668 fide-

1216 3699 1397 3765 libus
1451 3701 1652 3765 nimis
1695 3704 2118 3783 damnosam,
2162 3707 2594 3786 obsiderent3
2647 3714 2742 3784 et,
2776 3707 2955 3771 sicut
2981 3704 3082 3767 fu-

1217 3806 1368 3863 erat
1400 3800 1874 3882 praelocutum,
1913 3797 2033 3869 ¹ad
2068 3806 2301 3870 urbem
2348 3806 2749 3871 accedentes
2787 3804 3082 3890 pomeria

1217 3907 1560 3981 occupant
1590 3902 2004 3981 suburbana,
2033 3906 2439 3989 quibusdam
2484 3906 2581 3970 ibi
2631 3926 2722 3970 ex
2774 3906 3081 3971 hostibus

1216 3998 1616 4064 interfectis.
1743 4000 1914 4067 Inde
1945 4005 2032 4069 ad
2065 4004 2318 4069 flumen
2346 4006 2528 4089 quod
2562 4006 2799 4070 urbem
2835 4005 3082 4069 lambe·

1218 4098 1338 4164 bat
1370 4099 1797 4180 accedentes,
1831 4110 1909 4167 ut
1950 4105 2105 4168 sitis
2138 4107 2492 4188 angustias
2536 4106 2943 4178 relevarent,
2983 4104 3084 4167 in·

1214 4206 1554 4263 venerunt
1600 4219 1800 4265 secus
1847 4203 2064 4285 ripam
2115 4212 2379 4269 tantam
2431 4206 2733 4271 hostium
2781 4204 3086 4271 multitu·

1215 4297 1467 4376 dinem,
1535 4301 1652 4383 qui
1718 4302 1817 4365 eis
1879 4322 2078 4386 aquae
2135 4325 2332 4369 usum
2400 4305 2667 4371 auferre
2726 4305 3085 4378 vacabant,

1282 4499 1397 4551 ‘Aa
1440 4503 1603 4553 urbem
1638 4508 1962 4572 accedentem]
2017 4511 2123 4560 The
2175 4528 2374 4562 mancus
2407 4529 2473 4562 on
2506 4514 2592 4563 the
2627 4515 2747 4564 zsth
2783 4514 2904 4574 May
2925 4516 3086 4569 11473

1212 4574 1429 4635 meeting
1451 4574 1552 4623 bad
1584 4576 1707 4625 been
1742 4576 1858 4626 held
1891 4584 1946 4627 at
1974 4579 2124 4644 Aere,
2176 4583 2312 4632 win.
2332 4584 2452 4644 Tyr.
2474 4599 2525 4645 p.
2543 4588 2658 4635 91⁰.

1211 4642 1414 4692 whence
1458 4644 1577 4707 they
1614 4646 1855 4707 departed
1900 4648 1976 4698 sor
2019 4651 2125 4700 Da·
