3457 5887
917 848 1192 899 nonus
1224 846 1772 899 msrronmumz
2149 836 2278 903 105

399 1001 871 1070 disseminatio
904 1005 1076 1070 adeo
1108 1006 1449 1091 principes
1480 1013 1748 1073 nostros
1773 1009 2164 1091 perterruit,
2198 1018 2277 1075 ut
2298 1026 2408 1068 ω
2430 1029 2543 1068 1⁰⁹⁸

398 1103 818 1186 Stephanae,
866 1103 1388 1171 carnotensium
1426 1126 1675 1185 comes,
1723 1107 2129 1190 aegritudine
2181 1111 2275 1174 si-
2298 1077 2589 1170 m

397 1204 668 1268 mulata
700 1212 771 1268 et
812 1212 1087 1287 sumpta
1128 1224 1173 1268 a
1213 1206 1537 1271 fratribus
1570 1206 1872 1286 licentia,
1914 1226 2070 1272 cum
2105 1228 2275 1291 qua·

397 1309 564 1367 tuor
612 1310 1025 1368 armatorum
1053 1305 1381 1370 millibus
1408 1308 1497 1370 ab
1539 1306 1891 1371 obsidione
1925 1326 2063 1371 non
2097 1307 2275 1372 redi-

395 1409 605 1466 turus
646 1403 977 1468 abscessit
1005 1423 1026 1482 3
1085 1401 1245 1486 quo}
1265 1404 1452 1470 facto
1492 1412 1635 1471 tam
1672 1388 1960 1471 notabili
1994 1413 2276 1490 tamque

395 1500 677 1567 funesto
726 1502 1091 1586 principes,
1137 1504 1258 1587 qui
1294 1503 1369 1568 in
1411 1505 1656 1570 castris
1705 1513 1925 1584 erant,
1949 1503 2276 1571 -co‘nster-

395 1601 578 1678 nati,
626 1609 983 1685 coeperunt
1035 1604 1239 1668 anxie
1294 1603 1669 1669 deliberare
1719 1605 2062 1688 quomodo
2117 1605 2274 1671 huic

396 1700 642 1765 morbo
691 1709 972 1784 possent
1028 1721 1404 1781 occurrere,
1451 1723 1537 1768 ne
1568 1703 1719 1770 ‘hoc
1766 1704 2081 1788 exemplo
2121 1724 2278 1788 per-

398 1798 665 1864 nicioso
714 1800 831 1865 alii
877 1801 1097 1866 simile
1139 1802 1397 1885 aliquid
1452 1810 1898 1869 attentarent.
2000 1803 2279 1870 Placuit

398 1906 570 1980 ergo
629 1898 965 1978 omnibus,
1020 1907 1102 1965 ut
1155 1902 1541 1985 quicunque
1594 1922 1670 1969 se
1731 1922 1775 1967 a
1827 1904 2072 1968 castris
2126 1905 2276 1969 sine

397 1998 790 2081 principum
836 1999 1118 2064 licentia
1161 2001 1614 2079 subtraheret,
1676 2009 2004 2086 tanquam
2062 2005 2273 2068 sacri·

397 2096 606 2177 legus
652 2108 775 2161 aut
810 2097 1148 2163 homicida
1195 2100 1265 2162 in
1299 2101 1606 2165 exercitu
1641 2100 2005 2166 haberetur
2032 2122 2051 2182 ς
2094 2103 2275 2168 uude

400 2195 669 2259 factum
702 2203 830 2274 est,
861 2204 941 2261 ut
971 2217 1200 2262 omnes
1228 2200 1510 2281 pariter,
1536 2206 1868 2283 tanquam
1895 2201 2025 2266 viri
2056 2201 2280 2266 claus-

406 2295 649 2372 trales,
718 2297 1134 2379 principibus
1194 2298 1338 2364 suis
1403 2297 1856 2365 obedientiam
1922 2299 2277 2367 voluntate

399 2401 785 2476 spontanea
816 2395 1226 2462 exhiberent.

576 2577 677 2641 Do
699 2576 1152 2663 Emfforo,por
1179 2598 1349 2664 quom
1378 2578 1622 2646 tradita
1648 2588 1733 2645 est
1752 2580 2104 2646 Antiochia.

398 2729 401 2730 ⁷
500 2701 695 2767 Solet
737 2709 969 2768 autem
1019 2704 1254 2768 divina
1299 2704 1662 2769 clementia
1711 2723 2063 2770 servorum
2116 2724 2275 2772 suo·
2296 2727 2481 2778 amos

396 2820 556 2864 rum
613 2801 1081 2866 deficientibus
1141 2805 1564 2886 argumentis
1621 2804 1986 2869 subvenire
2041 2807 2270 2889 propi·
2297 2778 2490 2819 ⁴⁸⁶⁰*

394 2899 571 2978 tius,
615 2920 741 2965 nec
788 2901 993 2966 etiam
1047 2921 1210 2967 suos
1260 2901 1444 2969 ultra
1486 2922 1691 2987 quam
1735 2904 2071 2970 sustinere
2112 2925 2273 2989 pos-

401 3008 574 3064 sunt
623 3002 874 3065 tentari
922 3002 1275 3085 permittit.
1378 3002 1551 3068 Erat
1592 3003 1772 3069 enim
1813 3004 1886 3068 iu
1929 3006 2096 3069 urbe
2125 3005 2273 3070 An-

401 3099 729 3165 tiochena
758 3101 937 3165 inter
966 3101 1140 3165 alios
1169 3102 1274 3166 vir
1305 3103 1579 3185 quidam
1615 3122 1876 3185 genere·
1900 3105 2272 3187 praeclarus

402 3206 483 3262 et
504 3198 895 3264 Christiana
915 3201 1331 3283 professione
1359 3202 1752 3284 insignitus,
1772 3196 2076 3289 ¹Emyfer
2097 3224 2272 3269 nun-

397 3305 725 3381 cupatus,
788 3299 988 3364 homo
1044 3307 1286 3383 potens
1345 3301 1546 3368 nimis
1612 3309 1681 3366 et
1744 3302 2023 3367 Axiano
2080 3306 2268 3369 urbis

393 3398 678 3461 domino
732 3399 951 3463 multa
997 3399 1462 3465 familiaritate
1504 3400 1934 3483 conjunctus,
1976 3402 2078 3466 ita
2118 3404 2266 3486 qui-

395 3496 555 3560 dem
597 3506 677 3561 ut
717 3498 792 3561 in
819 3498 969 3582 ejus
996 3499 1255 3580 palatio
1294 3500 1544 3564 notarii
1569 3498 1788 3564 officio
1818 3501 2259 3585 fungeretur3

393 3598 508 3660 vir
540 3596 837 3681 prudens
869 3604 940 3662 et
968 3597 1368 3676 industrius,
1390 3599 1671 3663 audieus
1702 3600 1886 3682 quod
1917 3600 2263 3666 Boamun-

392 3695 533 3759 dus
562 3697 879 3780 princeps
918 3704 1100 3761 esset
1135 3697 1422 3762 illustris
1455 3706 1526 3763 et
1567 3699 1993 3781 magnificus,
2030 3702 2265 3766 statim

390 3803 562 3878 post
619 3795 1038 3860 obsidionem
1090 3798 1279 3861 urbis
1342 3817 1469 3880 per
1517 3799 1972 3864 internuntios
2030 3799 2264 3865 fideles

391 3895 553 3979 ejus
611 3896 741 3959 sibi
790 3896 1085 3978 gratiam
1137 3897 1604 3975 reconcilians,
1655 3897 1908 3963 civium
1962 3907 2033 3963 et
2078 3899 2265 3964 urbis

390 4001 659 4058 statum
685 3995 924 4059 diebus
966 3995 1257 4077 singulis
1302 3995 1714 4076 denudabat,
1749 4004 1819 4061 et
1852 3998 2079 4075 nimiS,
2103 3998 2267 4063 licet

388 4094 690 4173 occulte,
734 4095 1026 4159 amicum
1071 4095 1145 4158 iu
1186 4097 1501 4160 omnibus
1545 4097 1829 4178 agendis
1868 4096 2266 4179 diligentius

462 4340 476 4370 ¹
513 4342 753 4406 Examen]
796 4341 903 4391 The
940 4347 1134 4404 greater
1167 4358 1310 4391 num·
1355 4342 1540 4405 chaud,
1560 4343 1596 4392 i.
1619 4358 1671 4405 p.
1695 4346 1809 4405 ⁸⁰⁵,
1829 4348 1971 4404 nom
2002 4346 2113 4394 also
2142 4343 2160 4372 ‘
2181 4343 2265 4393 the

388 4413 478 4461 ber
502 4411 565 4460 os
577 4412 661 4461 the
673 4411 939 4461 historians
950 4412 1009 4460 of
1022 4412 1307 4475 thieperiod
1354 4413 1644 4475 interesting
1656 4413 1984 4463 extractfrom
2000 4414 2268 4464 Kemaled·

390 4482 493 4531 call
529 4481 629 4530 this
648 4484 823 4531 traitor
843 4481 1089 4543 Pyrrhus,
1108 4498 1165 4532 or
1185 4483 1310 4532 Phi·
1355 4482 1487 4531 din's
1502 4482 1972 4547 historyosAleppo
1985 4484 2037 4532 in
2046 4483 2271 4544 Wilken‚

389 4566 536 4612 rous,
579 4551 663 4600 the
707 4566 798 4601 sou
835 4551 893 4600 of
928 4566 994 4600 an
1037 4553 1306 4602 Armenian
1356 4551 1555 4614 presace
1571 4557 1622 4601 to
1636 4552 1738 4602 vol.
1759 4552 1814 4604 ii.
1837 4568 1890 4617 p.
1912 4556 1976 4603 ⁸6
1992 4553 2026 4616 ς’
2047 4551 2270 4613 Gibbou,

393 4622 576 4671 maker
615 4622 673 4671 of
714 4622 979 4671 cuii-asses.
1069 4622 1163 4672 See
1210 4622 1309 4671 Mi·
1355 4623 1428 4672 xi.
1451 4637 1503 4684 p.
1518 4626 1602 4685 65,
1620 4626 1747 4673 note.
