3457 5887
884 805 1163 855 ivnonas
1209 804 1739 857 msronuaum,
2105 794 2240 860 πὶ

369 954 518 1017 dies
571 953 939 1034 illuxisset,
999 958 1160 1021 fecit
1209 959 1568 1039 episcopus
1625 959 1987 1024 convenire
2048 980 2236 1043 proe-
2262 979 2370 1020 nn.
2392 981 2501 1023 ιιοι.

367 1053 685 1135 byterum
712 1073 869 1117 cum
905 1056 1308 1138 quibusdam
1340 1057 1718 1121 hominibus
1752 1059 1961 1135 villae,
1996 1069 2066 1123 et
2107 1062 2238 1124 sci-

253 1176 261 1184 ·
368 1153 661 1216 scitatus
702 1155 791 1217 ab
832 1155 931 1218 eis
982 1155 1365 1237 diligenter,
1413 1157 1566 1239 quis
1614 1156 1815 1221 bomo
1861 1158 1977 1221 ille
2021 1177 2239 1241 nuper

368 1251 735 1316 defunctus
801 1262 982 1318 esset
1037 1263 1108 1319 et
1160 1256 1389 1337 qualis
1438 1256 1599 1319 vitae
1651 1263 1810 1320 ante
1857 1257 2116 1321 obitum
2163 1260 2235 1322 in

366 1351 625 1415 saeculo
662 1354 1080 1432 exstitisset3
1143 1354 1256 1436 qui
1294 1372 1532 1417 omnes
1567 1354 1959 1419 fatebantur
1998 1355 2084 1419 de
2125 1375 2233 1434 eo,

367 1450 555 1531 quod
614 1460 796 1515 esset
848 1452 954 1515 vir
997 1452 1232 1535 justus
1294 1472 1379 1517 ac
1438 1455 1683 1517 timens
1741 1455 1989 1531 Deum,
2038 1462 2236 1537 pater

366 1548 828 1630 orphanorum
894 1560 966 1615 et
1028 1552 1405 1617 consolatio
1469 1553 1890 1630 miserorum,
1961 1560 2040 1617 ut
2115 1555 2233 1637 qui

361 1666 634 1712 omnem
687 1651 1141 1715 substantiam
1196 1669 1394 1714 suam
1449 1651 1523 1714 in
1578 1653 2012 1734 pauperibus,
2073 1653 2233 1717 dum

373 1748 661 1825 viveret,
699 1756 770 1813 et
810 1750 1190 1833 hospitibus
1240 1751 1589 1832 erogavit3
1634 1753 1858 1816 tenuit
1901 1759 2234 1834 praeterea

371 1847 446 1909 in
477 1847 677 1912 domo
721 1867 848 1912 sua
888 1849 1381 1932 presbyterum,
1408 1851 1518 1912 cui
1558 1849 1642 1913 de
1693 1852 1968 1933 proprio
2005 1852 2233 1915 omnia

370 1946 759 2009 necessaria
784 1947 1223 2025 ministravit,
1266 1947 1387 2029 qui
1428 1949 2043 2012 commendationes
2086 1950 2233 2013 ani-

374 2063 641 2107 marum
699 2053 769 2110 et
832 2047 1191 2109 missarum
1263 2045 1587 2127 suffragia
1642 2046 1879 2111 diebus
1948 2048 2233 2128 singulis

375 2162 502 2225 pro
550 2142 888 2208 defunctis
936 2142 1244 2207 fidelibus
1286 2144 1677 2208 celebravit.
1781 2145 1958 2208 Haec
2004 2153 2233 2210 autem

376 2260 533 2305 cum
551 2242 853 2306 audisset
881 2244 1264 2325 episcopm,
1292 2243 1636 2307 intellexit
1658 2245 1989 2308 continuo
2009 2263 2235 2321 voceS,

374 2359 550 2422 quas
598 2342 908 2405 audierat
942 2342 1026 2405 de
1060 2343 1452 2406 coemeterio
1490 2343 1798 2419 emissas,
1837 2341 2008 2406 nibil
2053 2342 2236 2406 aliud

368 2458 522 2503 esse
577 2458 782 2522 quam
833 2460 1037 2505 voces
1102 2443 1480 2505 animarum
1538 2441 1811 2505 illorum
1834 2458 2236 2524 corporum,

366 2557 528 2621 quae
593 2540 666 2602 in
722 2540 1113 2605 coemeterio
1169 2541 1632 2624 quiescebant,
1693 2540 2096 2623 plangentes
2147 2541 2233 2604 de

366 2645 587 2703 morte
630 2638 928 2703 hominis
964 2647 1036 2704 et
1070 2649 1435 2721 gementeS,
1480 2659 1602 2722 per
1642 2658 1844 2721 quem
1885 2639 2044 2702 dum
2077 2640 2231 2704 vix-

370 2745 522 2801 erat
576 2738 1159 2824 eleemosynarum
1225 2746 1295 2804 et
1358 2740 1713 2802 missarum
1781 2738 2025 2803 babere
2087 2737 2231 2802 sus-

369 2836 596 2918 fragia
628 2846 1040 2902 meruerunt.
1128 2837 1325 2901 Tunc
1356 2838 1740 2921 episcopus,
1767 2844 2014 2901 vocato
2046 2837 2133 2900 ad
2160 2857 2237 2900 se

369 2936 796 3019 presbytero,
857 2938 975 3019 qui
1034 2939 1161 3001 sub
1223 2938 1374 3002 viro
1429 2936 1750 3001 defuncto
1812 2936 2057 3000 missas
2115 2956 2239 3019 pro

361 3036 716 3100 defunctis
759 3037 1244 3114 celebraverat,
1273 3037 1464 3101 dedit
1504 3036 1569 3099 ei
1610 3036 1992 3118 portionem
2023 3035 2096 3098 in
2128 3053 2239 3099 ec-

375 3135 592 3199 clesia
619 3136 826 3214 villae,
853 3143 1163 3201 statuens
1205 3143 1276 3200 et
1300 3135 1403 3199 illi
1445 3133 1837 3218 injungens,
1865 3142 1969 3211 ut,
2000 3153 2239 3217 qnam—

362 3234 495 3298 diu
524 3236 807 3313 viveret,
840 3235 1113 3299 missam
1143 3243 1215 3300 et
1246 3235 1574 3316 obsequia
1600 3228 2070 3298 defunctorum
2100 3232 2242 3297 die-

357 3335 503 3396 ·bus
533 3334 823 3416 singulis
852 3335 1246 3399 celebraret.

423 3505 607 3579 Quod
634 3527 794 3592 myas
826 3506 1217 3570 Franoormn
1248 3515 1305 3569 et
1328 3504 1672 3590 Anylomm
1702 3505 1775 3569 in
1800 3504 2184 3569 comm-diam

1112 3613 1526 3668 convena-imi.

471 3726 680 3793 Anno
723 3729 1007 3794 Domini
1051 3744 1334 3792 ucnxu.
1381 3726 1810 3805 lodowicus,
1856 3744 1980 3790 rex
2022 3725 2238 3790 Fran·
2265 3732 2511 3822 3333&

361 3846 632 3906 corum,
689 3837 761 3893 et
809 3827 1179 3905 HenricuS,
1227 3845 1355 3891 rex
1389 3826 1797 3909 Anglorum,
1824 3832 2239 3889 armatorum
2263 3832 2432 3872 1¹⁸2oe-

360 3928 589 4010 copiis
639 3929 935 4010 undique
971 3927 1431 4009 congregatiS,
1474 3943 1629 3990 cum
1670 3927 1820 4009 jam
1863 3931 2241 4008 campestne

359 4027 686 4109 praelium
754 4029 934 4091 inter
1003 4046 1122 4091 eos
1181 4026 1533 4089 imminere
1609 4031 1971 4111 putaretur
2027 4042 2241 4105 prope

367 4127 858 4203 Fretevallem,
898 4119 1132 4190 ¹amici
1174 4126 1400 4190 subito
1437 4132 1601 4189 sunt
1634 4123 1878 4187 effecti.
1983 4120 2241 4185 Eodem

362 4245 560 4289 anno
615 4224 923 4303 Alienor,
971 4224 1354 4306 Anglorum
1415 4223 1677 4306 regina,
1738 4220 1918 4304 apud
1974 4219 2241 4285 Rotho-

442 4447 465 4479 ¹
483 4450 646 4498 Amici
696 4448 853 4498 subito
901 4452 1014 4497 σκαιὲ
1062 4446 1242 4512 effecti.
1266 4446 1289 4510 ]
1339 4461 1505 4509 regem
1516 4445 1717 4507 Angliae
1735 4449 1785 4493 et
1799 4458 1966 4506 regem
1984 4439 2246 4499 Francia:

359 4520 563 4580 Rymer
593 4519 687 4568 has
716 4532 749 4567 a
779 4518 888 4567 bnll
919 4517 976 4566 of
1004 4516 1293 4566 Alexander
1340 4516 1611 4565 addresned
1648 4520 1699 4562 to
1739 4514 1914 4576 Henry
1942 4511 2015 4560 11.
2051 4512 2103 4557 in
2144 4508 2246 4557 this

361 4589 501 4651 111„
519 4589 535 4616 ‘
554 4603 646 4650 pro
669 4601 795 4650 pace
826 4586 1136 4636 reformanda
1155 4587 1292 4654 §nter
1339 4599 1491 4646 year3
1524 4585 1560 4634 i.
1585 4599 1638 4645 p.
1660 4586 1743 4632 21.
1955 4660 1986 4697 u
2019 4652 2051 4697 Β
