3457 5887
943 848 1213 897 nonas
1267 848 1796 897 ms‘romnum.
2167 835 2294 900 301

424 1014 882 1071 tenementum
912 1007 1005 1071 sit
1048 1007 1396 1089 pertinens
1441 1006 1527 1070 ad
1571 1006 2106 1091 eleemosynam,
2148 1008 2293 1072 sive
2317 1019 2616 1113 *cssa'tiss‘ssn-

424 1106 511 1169 ad
569 1108 815 1170 laicum
870 1106 1169 1184 feodum,
1222 1125 1451 1170 coram
1490 1105 1879 1189 justiciario
1930 1105 2164 1187 regis3
2222 1113 2292 1172 et
2317 1120 2614 1164 erctum·

424 1206 483 1268 si
534 1207 954 1286 recognitum
998 1206 1202 1269 fuerit
1246 1205 1332 1268 ad
1380 1205 1878 1287 eleemosynam
1929 1206 2292 1287 pertinere,

426 1304 751 1386 placitum
790 1306 918 1368 erit
963 1305 1034 1368 in
1083 1304 1272 1368 curia
1319 1304 1825 1384 ecclesiastica;
1888 1304 1947 1367 si
1990 1323 2153 1367 vero
2204 1304 2292 1367 ad

425 1403 670 1466 laicum
724 1403 1021 1480 feodum,
1074 1403 1205 1467 nisi
1260 1403 1460 1467 ambo
1512 1411 1968 1468 tenementum
2017 1402 2102 1466 de
2147 1403 2291 1485 epi-

430 1521 636 1585 scopo
687 1503 919 1566 eodem
963 1502 1074 1566 vel
1118 1503 1372 1566 barone
1416 1500 1928 1578 advocaverint,
1966 1502 2098 1565 erit
2146 1502 2294 1584 pla-

426 1601 631 1665 citum
661 1601 731 1664 in
758 1602 948 1665 curia
980 1602 1200 1683 regis;
1245 1601 1389 1677 sed,
1422 1600 1481 1665 si
1510 1602 1783 1683 utrique
1810 1599 2294 1665 advocaverint

426 1700 510 1763 de
564 1700 760 1764 feodo
809 1701 928 1764 illo
993 1700 1279 1764 eundem
1334 1700 1724 1783 episcopum
1781 1700 1892 1763 vel
1944 1701 2292 1777 baronem,

427 1797 554 1863 erit
606 1799 939 1881 placitum*
984 1798 1058 1862 in
1101 1799 1290 1863 curia
1345 1799 1583 1882 ipsius,
1608 1799 1733 1864 ‘ita
1787 1798 1969 1882 quod
2013 1806 2293 1881 propter

427 1897 678 1962 factam
706 1897 1238 1980 recognitionem
1283 1898 1608 1961 saisinam
1653 1918 1792 1963 non
1836 1898 2133 1975 amittat,
2175 1898 2294 1981 qui

426 1998 617 2079 prius
649 1996 874 2061 suerat
900 1990 918 2027 ¹
936 1996 1236 2059 saisitus.

531 2094 736 2177 [Qui]
798 2096 882 2158 de
944 2093 1220 2159 civitate
1269 2094 1377 2157 vel
1428 2094 1709 2158 castello
1759 2096 1870 2159 vel
1919 2096 2136 2177 burgo
2182 2095 2294 2161 vel

430 2194 767 2258 dominico
817 2194 1119 2257 manerio
1173 2194 1356 2275 regis
1406 2192 1649 2271 fuerit3
1712 2195 1773 2257 si
1825 2195 1912 2258 ab
1964 2194 2295 2259 archidia-

433 2311 608 2355 cono
655 2294 763 2356 vel
816 2293 1137 2374 episcopo
1194 2312 1400 2374 super
1458 2292 1689 2375 aliquo
1743 2292 1992 2358 delicto
2046 2292 2295 2357 citatus

431 2390 654 2467 fuerit,
711 2392 889 2455 unde
945 2391 1187 2455 debeat
1236 2392 1335 2455 eis
1389 2392 1821 2473 respondere,
1872 2398 1943 2456 et
1993 2391 2080 2455 ad
2129 2391 2296 2459 cita-

428 2491 649 2554 tiones
691 2511 919 2555 eorum
968 2491 1259 2555 noluerit
1304 2490 1723 2568 satisfacere,
1766 2492 1938 2555 bene
1989 2491 2150 2556 licet
2196 2490 2294 2555 eis

429 2590 557 2652 sub
590 2590 951 2654 interdicto
981 2609 1232 2672 ponere
1261 2609 1440 2664 eum,
1473 2589 1593 2654 sed
1622 2610 1760 2654 non
1790 2591 2038 2654 debent
2068 2591 2291 2674 ipsum

426 2690 1011 2755 excommunicare
1051 2689 1444 2771 priusqam
1482 2689 1799 2771 capitalis
1838 2690 2146 2754 minister
2182 2709 2288 2753 re-

428 2789 533 2869 gis
574 2789 754 2852 villae
801 2789 988 2852 illius
1026 2790 1496 2865 conveniatur,
1539 2795 1618 2853 ut
1649 2789 1959 2872 justiciet
2000 2807 2150 2852 eum
2198 2788 2286 2853 ad

427 2888 960 2953 satisfactionem
1013 2890 1241 2954 venire
1272 2908 1290 2968 ;
1345 2894 1415 2951 et
1456 2888 1516 2951 si
1558 2888 1867 2953 minister
1909 2888 2088 2970 regis
2132 2886 2287 2956 inde

427 2986 773 3065 defecerit,
828 2988 958 3051 erit
1008 2988 1079 3050 in
1140 2986 1601 3052 misericordia
1660 2989 1866 3069 regis,
1923 2996 1993 3051 et
2042 2986 2289 3054 exinde

424 3087 677 3168 poterit
717 3087 1073 3169 episcopus
1118 3087 1341 3169 ipsum
1389 3093 1787 3151 accusatum
1828 3086 2290 3154 ecclesiastica

420 3186 697 3268 justitia
731 3204 1059 3250 coercere.

529 3283 1068 3367 Archiepiscopi,
1122 3284 1423 3367 episcopi
1473 3291 1543 3348 et
1597 3286 1934 3349 universoe
1982 3303 2291 3368 personae

426 3382 646 3464 regni,
677 3384 795 3465 qui
828 3384 912 3447 de
937 3402 1095 3464 rege
1128 3390 1362 3447 tenent
1388 3382 1465 3445 in
1507 3385 1758 3465 capite,
1794 3384 2094 3449 habeant
2134 3403 2291 3468 pos-

424 3482 764 3545 sessiones
815 3502 976 3546 suas
1021 3483 1104 3545 de
1151 3501 1312 3564 rege
1362 3483 1542 3545 sicut
1593 3483 1968 3560 baroniam,
2022 3492 2091 3548 et
2136 3483 2294 3548 inde

425 3580 882 3662 respondeant
903 3581 1307 3665 justiciariis
1337 3589 1406 3645 et
1442 3581 1775 3645 ministris
1816 3582 2021 3664 regis,
2064 3590 2133 3646 et
2183 3602 2290 3646 se-

425 3687 724 3761 quantur
759 3688 827 3744 et
871 3678 1127 3744 faciant
1171 3700 1405 3744 omnes
1449 3681 1974 3746 consuetudines
2017 3681 2287 3763 regias;

428 3785 519 3854 et,
542 3779 723 3842 sicut
758 3778 989 3843 caeteri
1022 3781 1329 3856 barones,
1362 3780 1612 3843 debent
1650 3782 1980 3845 interesse
2013 3780 2290 3864 judiciis

427 3876 636 3941 curiae
680 3879 861 3960 regis
910 3898 1065 3942 cum
1103 3879 1494 3956 baronibuS,
1538 3898 1892 3964 quousque
1939 3880 2291 3962 pervenia-

429 3983 543 4040 tur
601 3977 688 4040 ad
739 3977 1252 4042 diminutionem
1300 3979 1755 4043 membrorum
1808 3979 1918 4043 vel
1972 3978 2059 4043 ad
2118 3998 2295 4043 mor·

432 4084 597 4140 tem.

532 4174 706 4239 Cum
766 4176 1114 4240 vacaverit
1166 4176 1818 4259 archiepiscopatus,
1867 4177 1978 4240 vel
2034 4176 2297 4259 episco-

430 4281 659 4356 patuS,
725 4275 836 4339 vel
907 4275 1207 4352 abbatia,
1268 4276 1378 4339 vel
1453 4277 1798 4359 prioratus
1863 4277 1935 4340 in
1999 4274 2299 4339 dominio
2355 4287 2360 4292 ’

432 4375 640 4454 regis,
698 4374 899 4437 debet
950 4393 1100 4438 esse
1148 4375 1219 4438 in
1274 4394 1481 4439 manu
1527 4374 1767 4457 ipsius,
1816 4382 1885 4439 et
1929 4373 2088 4438 inde
2146 4391 2300 4456 per-

503 4590 520 4625 ¹
541 4594 756 4645 &isim
770 4597 815 4660 ,·]
850 4597 866 4625 ‘
884 4598 1039 4647 donec
1074 4613 1165 4660 per
1193 4600 1433 4661 placitum
1455 4599 1810 4650 ditationatnm
1831 4599 1983 4648 fuerit
1999 4594 2029 4660 ς’
2064 4595 2219 4645 wilk.
