3457 5887
1212 834 1341 901 112
1719 847 1986 898 Roomu
2032 847 2125 896 nn
2171 843 2578 896 wnunovssn

896 1030 1006 1072 ιι).
1026 1030 1139 1070 ιοοε.
1209 1006 1451 1072 videns
1502 1003 1824 1086 Rogerus
1883 1002 1969 1068 de
2014 1000 2435 1079 Barnevilla,
2486 998 2680 1063 miles
2732 997 2806 1061 in
2868 999 3074 1062 armis

895 1081 1189 1172 mn
1212 1113 1532 1171 strenuus
1593 1103 1679 1168 de
1743 1109 1948 1186 gente
2009 1101 2296 1167 Roberti
2351 1100 2545 1164 ducis
2603 1097 3074 1175 Normannici,

1212 1204 1598 1289 quindecim
1641 1202 1934 1287 sumptis
1977 1200 2476 1276 consortibus,'
2457 1218 2529 1261 ιιι
2570 1197 2939 1278 praedictos
2977 1198 3075 1260 ir-

1212 1305 1353 1369 ruit
1382 1303 1792 1382 animosius3
1837 1301 1957 1366 sed
1991 1289 2151 1365 dum
2190 1298 2293 1363 illi
2324 1298 2558 1384 dolose
2585 1295 2926 1378 fugientes
2959 1316 3075 1359 us-

1211 1423 1345 1487 que
1396 1403 1487 1467 ad
1529 1402 1777 1478 socios,
1808 1419 1981 1484 quos
2022 1399 2366 1463 habebant
2395 1398 2469 1461 in
2511 1395 2779 1459 insidiis
2822 1397 3071 1459 consti-

1208 1511 1422 1580 tutos,
1465 1503 1627 1566 dum
1672 1500 1992 1582 Rogerus
2037 1498 2194 1577 illos
2245 1497 2738 1579 insequeretur,
2791 1514 3070 1560 consur-

1212 1603 1532 1685 gentibus
1563 1601 1742 1678 aliis,
1776 1599 1895 1683 qui
1928 1598 2193 1662 insidiis
2219 1597 2548 1672 latebant,
2582 1602 2655 1658 et
2689 1595 2761 1658 in
2803 1603 3072 1658 nostros

1213 1702 1528 1766 ardenter
1556 1699 1992 1775 irruentibus,
2034 1716 2153 1761 eos
2196 1695 2670 1778 compulerunt
2712 1694 2783 1757 in
2817 1692 3070 1775 fugam.

1216 1800 1457 1865 Nostri
1499 1817 1773 1882 quoque
1817 1816 2097 1861 numero
2144 1796 2438 1878 impares
2475 1802 2546 1858 et
2588 1793 2872 1870 viribus,
2916 1793 3075 1856 dum

1212 1899 1298 1963 ad
1331 1900 1566 1962 urbem
1598 1898 1833 1980 fugere
1860 1895 2390 1971 contendissent,
2417 1912 2744 1976 equorum
2777 1892 3072 1956 bostium

1212 1999 1576 2064 velocitate
1633 1996 1969 2080 praeventi
2021 2001 2207 2071 sunt,
2268 1994 2386 2057 ubi
2449 1992 2767 2123 Roglerus
2824 1993 3077 2073 sagitta

1213 2097 1568 2162 confossus
1596 2096 1879 2172 interiit,
1909 2094 2175 2159 caeteris
2205 2094 2276 2157 in
2311 2093 2545 2156 urbem
2594 2085 2957 2169 ¹reversis;
3004 2099 3073 2154 at

1212 2197 1489 2280 pegeni,
1511 2196 1641 2261 viri
1672 2194 2129 2259 memorabilis
2155 2193 2382 2276 capite
2408 2197 2789 2312 amputato,
2807 2190 2895 2254 ad
2917 2210 3074 2254 suos

1212 2303 1547 2361 venerunt
1578 2295 1950 2359 indemnes.

1280 2490 1379 2557 Do
1406 2513 1564 2557 nova
1590 2489 1894 2556 obsidione
1916 2488 2294 2554 Antiochom
2322 2509 2365 2553 a
2398 2487 2791 2554 Gorbaranno
2799 2489 3008 2574 sacta.

904 2649 1097 2699 xum.
1313 2618 1446 2682 Die
1489 2625 1718 2683 autem
1762 2616 1966 2682 tertio
2008 2635 2098 2680 ex
2129 2635 2266 2699 quo
2309 2622 2516 2698 capta
2549 2623 2655 2679 est
2682 2614 3075 2692 Antiochia,

896 2698 1191 2789 '’⁸31⁸“thss
1214 2716 1716 2795 Corbarannus,
1740 2717 2055 2799 princeps
2079 2713 2469 2792 Persarum,
2490 2734 2643 2779 cum
2674 2715 3078 2779 militaribus

898 2800 1098 2841 „fix”
1212 2811 1451 2899 copiis²
1473 2817 1756 2881 infinitis
1791 2823 1949 2880 ante
1984 2815 2218 2878 urbem
2248 2822 2798 2892 castrametatus,
2817 2833 2862 2877 a
2881 2823 3078 2898 porta

1213 2916 1529 2983 orientali
1567 2935 1786 3000 usque
1831 2914 1920 2979 ad
1955 2913 2442 2979 occidentalem
2477 2914 2874 2979 universum
2920 2933 3077 2979 aus·

1212 3017 1387 3082 trale
1445 3016 1629 3081 latus
1680 3014 2032 3080 obsidione
2081 3014 2391 3079 vallavit.
2493 3015 2664 3079 Erat
2706 3021 2938 3078 autem
2977 3034 3080 3078 se·

1212 3136 1334 3181 cus
1364 3124 1636 3199 portam
1665 3114 2065 3180 orientalem
2098 3112 2489 3196 praesidium
2506 3113 2875 3197 quoddam,
2898 3113 3077 3197 quod

1217 3208 1623 3280 Boamundo
1687 3214 2009 3279 traditum
2073 3211 2299 3277 suerat
2368 3213 2452 3276 ad
2506 3213 3023 3276 custodiendum
3059 3233 3076 3291 ;

1214 3314 1397 3380 circa
1443 3314 1611 3378 illud
1657 3332 1810 3377 cum
1875 3312 2108 3376 hostes
2155 3320 2384 3376 castra
2427 3312 2796 3389 locassent,
2850 3321 2921 3377 et
2966 3332 3078 3376 as-

1213 3414 1437 3477 sultus
1473 3413 1917 3476 creberrimos
1958 3412 2053 3475 ibi
2077 3410 2425 3488 facerent,
2461 3410 2904 3475 Boamundus
2940 3432 3074 3475 non

1213 3512 1434 3575 ferens
1465 3530 1700 3575 eorum
1728 3498 2158 3575 insolentiam
2189 3529 2503 3593 egressus
2531 3517 2636 3576 est
2664 3519 2907 3574 contra
2936 3531 3076 3588 eoS,

1211 3610 1332 3674 sed
1367 3609 1744 3692 egredienti
1776 3609 1933 3674 duci
1965 3610 2260 3675 occurrit
2285 3609 2663 3674 Turcorum
2691 3611 3078 3688 multitudo,

1211 3708 1410 3793 cujus
1473 3709 1801 3791 imwtum
1857 3709 2001 3773 dux
2046 3709 2345 3791 perferre
2404 3730 2543 3775 non
2599 3710 2860 3787 valens,
2909 3711 3079 3774 inita

1210 3808 1403 3891 fuga,
1441 3828 1516 3873 se
1556 3808 1814 3892 recepit
1851 3807 1922 3871 in
1960 3809 2222 3887 urbem,
2259 3809 2376 3872 ubi
2414 3808 2725 3873 hostibus
2763 3816 3078 3891 proterve

1210 3909 1650 3985 instantibuS,
1679 3907 1838 3973 dum
1883 3907 2076 3991 plebs
2118 3908 2192 3971 in
2237 3908 2522 3972 introitu
2563 3907 2862 3992 praesidii
2896 3928 3078 3973 com-

1280 4130 1579 4196 ’Κασπίη
1606 4132 1755 4193 Upon
1775 4130 1876 4179 this
1890 4130 2126 4192 calamity
2176 4129 2396 4180 Galliam
2439 4130 2733 4181 audaciores
2776 4137 2828 4180 et
2861 4131 2916 4181 in
2949 4132 3079 4181 bello

1207 4201 1494 4265 bappening
1515 4203 1648 4251 close
1669 4205 1721 4249 to
1742 4200 1827 4250 the
1839 4213 1961 4261 very
1975 4200 2123 4249 walls
2173 4201 2498 4262 promptiores
2519 4202 2706 4251 nutriat
2721 4201 2754 4263 ς’
2771 4216 2822 4263 p.
2837 4206 2954 4252 248.

1207 4271 1266 4320 of
1279 4272 1364 4321 the
1396 4276 1550 4334 town,
1571 4271 1751 4321 Albert
1776 4270 1834 4320 of
1847 4270 1952 4319 Aix
1969 4284 2122 4321 ‚amu-

1208 4341 1375 4404 singly
1396 4341 1638 4402 remarks,
1671 4340 1783 4389 that
1806 4353 1886 4388 we
1918 4353 2004 4389 are
2037 4345 2123 4388 not
2238 4335 2260 4366 ¹
2274 4338 2442 4402 Gopiis
2453 4338 2705 4404 infinita]
2726 4339 2833 4390 The
2846 4340 3079 4391 numbers

1206 4414 1260 4459 to
1302 4410 1538 4464 attribute
1581 4410 1665 4459 the
1702 4409 1854 4459 death
1897 4409 1954 4458 of
1993 4407 2124 4458 their
2169 4408 2227 4456 of
2236 4408 2320 4458 the
2333 4408 2746 4458 Turksarefixed
2759 4411 2827 4472 by
2840 4410 3079 4460 Albertus

1207 4481 1500 4543 companion
1532 4484 1583 4528 to
1608 4494 1708 4541 any
1735 4478 1841 4528 sear
1871 4493 1930 4527 or
1954 4478 2121 4527 slack-
2169 4476 2423 4538 Aquensis
2445 4484 2500 4527 at
2518 4482 2747 4541 sommo,
2767 4480 2868 4528 aud
2891 4481 2959 4541 by
2974 4481 3082 4530 Ra-

1205 4564 1322 4600 ness
1358 4549 1418 4600 of
1446 4549 1587 4599 those
1629 4547 1827 4611 within,
1861 4548 2018 4609 since,
2054 4547 2119 4596 he
2168 4546 2390 4609 dulphu·
2419 4547 2743 4599 Cadomensis
2778 4555 2834 4599 at
2865 4553 3079 4613 400,οω

1204 4619 1353 4683 adds,
1388 4620 1568 4671 ‘nulla
1601 4619 1758 4682 plaga
1795 4616 1968 4667 mundi
2000 4622 2117 4668 ante
2161 4616 2325 4668 horse.
