3457 5887
846 804 1123 853 nonus
1169 805 1704 855 msa-onustum,
2077 792 2206 858 211

331 962 566 1025 avium
620 962 1137 1028 innumerabilis
1198 964 1591 1042 multitudo,
1651 983 1808 1047 quae
1861 967 2199 1048 gregatim
2227 980 2334 1022 ΔΑ).
2356 982 2467 1024 ¹¹2⁹·

329 1061 644 1126 volantes
696 1072 766 1128 et
817 1063 1217 1146 longissima
1267 1063 1443 1128 aeris
1484 1062 1713 1147 spatia
1779 1073 2200 1147 occupantes

327 1159 741 1226 horribiliter
767 1182 919 1228 sese
950 1163 1422 1245 deplumantes
1451 1165 1877 1245 pugnabant,
1922 1171 2200 1246 porten-

327 1259 568 1323 dentes
597 1260 885 1326 fortasse
918 1261 1214 1326 schisma
1243 1261 1547 1326 futurum
1577 1263 1758 1326 inter
1789 1261 1964 1327 duos
1987 1263 2196 1346 paulo

323 1365 484 1439 post
514 1360 931 1443 apostolicos
963 1361 1048 1425 de
1080 1368 1341 1443 papatu
1368 1361 1881 1426 contendentes,

657 1530 755 1594 De
781 1530 1093 1596 schisma
1119 1529 1283 1595 inter
1310 1530 1462 1596 duos
1487 1532 1862 1617 apostolicos.

419 1652 632 1719 Anno
655 1655 933 1719 Domini
961 1671 1282 1732 mcxxx„
1300 1654 1622 1720 defuncto
1640 1675 1824 1740 papa
1848 1655 2190 1736 Honorio,
2215 1686 2326 1726 nn.
2346 1687 2460 1727 mo.

329 1753 630 1818 Romani
683 1755 757 1818 in
808 1754 945 1819 duo
987 1754 1188 1820 divisi
1252 1753 1425 1818 duos
1488 1754 1863 1838 elegerunt,
1910 1756 2189 1840 quidam
2213 1736 2430 1830 m&
2446 1740 2491 1777 ⁸²

326 1853 830 1930 Innocentium,
861 1861 933 1918 et
961 1854 1081 1917 alii
1115 1851 1560 1934 Anacletnm3
1601 1855 1722 1919 sed
1752 1848 1771 1887 ¹
1786 1854 2189 1935 Anacletus,

322 1960 606 2035 propter
647 1953 895 2016 fratres
953 1971 1139 2029 suos,
1185 1947 1303 2035 qui
1345 1960 1543 2017 erant
1591 1954 1722 2017 viri
1764 1961 2076 2038 potentes
2119 1964 2193 2022 et

322 2051 536 2115 castri
601 2050 1100 2115 crescentionis
1159 2050 1506 2117 habebant
1569 2052 2047 2136 principatum,
2117 2056 2193 2119 in

326 2151 500 2213 urbe
542 2150 909 2229 remansit3
956 2149 1398 2214 Innocentius
1451 2170 1614 2216 vero
1664 2151 1753 2216 ad
1805 2150 2194 2235 Cisalpinos

327 2249 658 2314 transivit
718 2248 1044 2331 expulsus
1091 2267 1136 2312 a
1192 2249 1551 2328 Romanis,
1606 2249 1727 2333 qui
1783 2251 2066 2315 veniens
2119 2253 2192 2316 in

326 2346 629 2412 Galliam
673 2347 855 2431 apud
886 2347 1260 2412 Carnotum
1296 2368 1339 2412 a
1370 2368 1531 2431 rege
1563 2348 1950 2431 Anglorum
1996 2350 2194 2414 Hen-

323 2447 469 2511 rico
492 2446 857 2512 honorifice
881 2453 1197 2529 receptus
1224 2454 1354 2525 est,
1376 2454 1448 2512 et
1466 2456 1623 2532 post
1648 2448 1922 2513 Pascha
1943 2449 2194 2514 iterum

319 2547 581 2628 recepit
630 2565 880 2629 papam
938 2545 1229 2610 eundem
1288 2547 1473 2631 apud
1530 2547 2066 2629 Rothomagum,
2120 2558 2192 2614 et

320 2638 617 2710 auxilio'
651 2645 803 2729 ejus
843 2665 965 2729 per
997 2653 1212 2711 totam
1245 2644 1546 2712 Galliam
1589 2647 1930 2711 admissus
1973 2655 2079 2712 est
2121 2657 2192 2714 et

316 2763 506 2827 papa
555 2746 643 2809 ab
697 2745 1011 2809 omnibus
1057 2744 1513 2826 acclamatus;
1564 2753 1636 2810 et
1678 2747 1804 2823 sic,
1847 2766 2009 2829 rege
2040 2748 2188 2813 An-

313 2842 590 2924 glorum
616 2851 1048 2925 procurante,
1080 2842 1544 2923 Lodowicum,
1570 2844 1853 2909 fratrem
1885 2845 2187 2930 Philippi

321 2942 748 3007 Francorum
799 2942 982 3024 regis
1033 2941 1359 3020 defuncti,
1412 2943 1651 3009 Remis
1686 2946 2061 3010 coronavit
2114 2946 2187 3010 in

315 3061 579 3123 regem.
661 3041 950 3119 Deinde,
981 3041 1052 3105 in
1084 3042 1448 3107 nativitate
1478 3044 1701 3108 beatae
1734 3042 2006 3122 Mariae,
2033 3046 2188 3109 red-

313 3140 500 3205 didit
533 3160 657 3206 rex
702 3140 911 3204 filiam
946 3159 1140 3204 suam
1186 3141 1684 3223 imperatricem
1720 3144 1872 3207 viro
1909 3163 2038 3209 suo
2078 3164 2192 3209 co-

309 3238 473 3307 miti
504 3238 988 3322 Andegavensi
1018 3239 1378 3306 Gausrido.

523 3412 622 3476 De
648 3421 836 3476 morte
861 3412 1239 3491 Boamundi,
1256 3413 1577 3498 principis
1603 3413 1984 3478 Antiocheni.

408 3536 675 3601 Eodem
762 3555 945 3601 anno
1003 3530 1383 3615 ³Rodoam,
1446 3536 1771 3621 Halapiae
1839 3538 2180 3622 princeps,
2205 3563 2408 3605 moe

310 3634 482 3701 fines
522 3634 995 3701 Antiochenos
1037 3635 1379 3701 hostiliter
1415 3637 1787 3719 ingressus,
1839 3637 2181 3702 Boamun-
2205 3615 2464 3655 fflm‘

309 3735 471 3799 dum
522 3734 914 3800 Antiochiae
957 3735 1331 3819 principem
1387 3737 1519 3800 sibi
1566 3743 2058 3814 occurrentem,
2104 3742 2185 3801 ut

312 3835 543 3917 ipsum
608 3836 1026 3917 reprimeret,
1080 3834 1152 3898 in
1211 3834 1456 3900 Cilicia
1513 3836 1744 3918 gladio
1797 3835 2184 3925 confossum

304 3935 624 4016 peremit.
724 3934 885 3998 Rex
940 3932 1379 3998 Hierusalem
1427 3936 1514 3998 ab
1564 3934 2017 4007 Antiochenis
2065 3954 2182 4000 vo-

306 4041 533 4111 catus,
570 4038 652 4097 ut
697 4040 909 4099 tantae
951 4033 1329 4098 calamitati
1371 4034 1548 4098 ferat
1590 4034 1951 4111 auxilium,
1993 4033 2185 4097 festi-

372 4218 387 4249 ¹
409 4221 700 4271 Anac-lem.
723 4221 748 4284 ]
792 4222 1067 4271 Anacletus
1103 4219 1222 4268 died
1271 4217 1443 4280 owing
1462 4221 1514 4266 to
1533 4217 1618 4267 the
1639 4218 1881 4267 influence
1902 4218 1961 4266 os
1984 4218 2039 4269 S.
2062 4217 2186 4266 Ber·

302 4306 366 4341 on
386 4291 470 4341 the
492 4291 621 4342 zsth
652 4291 773 4340 Jan.
800 4290 1108 4353 1188,when
1140 4290 1223 4338 In·
1270 4288 1397 4337 nard
1429 4292 1483 4337 at
1502 4287 1587 4336 the
1616 4288 1815 4337 council
1836 4287 1894 4335 os
1925 4288 2183 4349 Etampes,
2211 4337 2213 4340 ,

303 4367 480 4410 nocent
498 4361 626 4412 held
658 4360 742 4410 the
775 4375 861 4409 see
882 4362 935 4409 in
964 4360 1229 4421 undisput-
1270 4359 1381 4407 that
1400 4356 1643 4407 Innocent
1664 4370 1775 4406 was
1805 4356 2098 4419 recognised
2131 4357 2184 4404 in

301 4432 366 4480 ed
396 4431 690 4493 possession
722 4430 852 4480 until
882 4430 963 4479 his
991 4428 1142 4479 death
1174 4430 1226 4477 in
1274 4429 1483 4477 Franco.

301 4505 446 4551 114³.
1342 4494 1365 4528 ⁸
1381 4497 1613 4558 Roamn,
1647 4494 1877 4559 Halapia
1900 4492 2184 4558 princeps-J

368 4567 391 4599 ²
412 4568 626 4620 Auxilio
646 4570 810 4633 dnm]
842 4569 893 4618 It
914 4582 1022 4620 was
1049 4567 1228 4629 chiefly
1276 4565 1418 4615 will.
1438 4565 1559 4626 Tyr.
1581 4579 1634 4626 p.
1656 4567 1769 4615 849.
1947 4637 1980 4682 ²

1887 4646 1916 4681 P
