3457 5887
918 837 1194 884 nonas
1241 823 2274 888 msroR1ARUM.257

392 993 641 1071 solum,
683 1000 761 1058 ut
798 1003 1121 1109 parentes
1154 995 1510 1074 visitaret3
1555 995 1696 1078 qui,
1741 1013 1892 1058 cum
1933 994 2268 1079 aliquam·
2287 1008 2584 1107 ῒέωᾞῗω

388 1093 506 1157 diu
559 1093 631 1156 in
672 1095 952 1175 regione
993 1096 1116 1160 illa
1167 1097 1557 1160 demoratus
1602 1094 1865 1172 fuisset,
1913 1096 2127 1178 coepit
2174 1097 2259 1160 ad
2283 1111 2573 1200 purumne(

385 1200 685 1257 mentem
735 1195 1056 1258 reducere
1103 1195 1318 1259 vitam
1361 1213 1555 1259 suam
1598 1194 1772 1259 adeo
1822 1193 2259 1276 flagitiosam,

383 1293 569 1374 quod
605 1295 693 1358 ab
729 1293 899 1376 ipsis
948 1294 1307 1357 cunabulis
1358 1294 1690 1358 incendiis
1740 1312 2011 1376 semper
2051 1313 2258 1358 vaca

382 1400 582 1456 verat
627 1399 696 1456 et
739 1393 1021 1476 rapinis,
1066 1401 1158 1471 et,
1197 1393 1380 1476 quod
1432 1395 1651 1475 magis
1696 1393 1998 1470 dolebat,
2033 1412 2110 1457 se
2152 1414 2255 1459 ec-

381 1490 743 1556 clesiarum
780 1491 992 1557 fuisse
1029 1492 1430 1557 violatorem
1470 1500 1542 1557 et
1577 1512 1803 1556 rerum
1846 1492 2254 1559 ecclesiasti-

378 1609 615 1655 carum
644 1592 1053 1670 invasorem,
1075 1599 1324 1676 praeter
1346 1592 1568 1657 multa
1598 1593 1926 1669 enormia,
1955 1611 2111 1675 quae
2140 1594 2248 1657 in·

374 1689 714 1756 trinsecus
747 1691 1079 1768 latebant,
1124 1698 1432 1775 peccata.
1538 1691 1744 1756 Miles
1788 1692 2005 1775 igitur
2033 1694 2249 1775 poeni-

376 1791 600 1855 tentia
644 1792 892 1856 ductus
948 1792 1037 1855 ad
1092 1792 1485 1875 episcopum
1530 1792 1867 1874 quendam
1914 1792 2099 1856 illius
2146 1813 2245 1857 re-

375 1890 602 1970 gionis
640 1891 955 1968 accessit,
986 1891 1095 1955 cui
1128 1910 1283 1955 cum
1316 1899 1603 1974 peccata
1639 1909 1769 1954 sua
1800 1891 2090 1957 devotus
2122 1913 2247 1975 per

373 1990 681 2054 ordinem
728 1991 1101 2067 retulisset,
1139 1990 1519 2073 increpavit
1561 2009 1714 2054 eum
1763 1993 2066 2071 graviter
2101 1994 2243 2075 epi·

370 2108 648 2172 scopuS,
709 2107 1021 2153 asserens
1079 2088 1269 2152 illum
1330 2090 1530 2152 nimis
1587 2089 1889 2153 divinam
1957 2090 2242 2156 clemen-

372 2189 545 2251 tiam
600 2187 1005 2268 offendisse3
1068 2189 1247 2252 unde
1296 2188 1489 2252 miles
1537 2188 1825 2252 multum
1879 2191 2241 2256 contrista·

372 2293 493 2350 tus
543 2289 696 2352 Deo
745 2289 1151 2370 condignam
1194 2287 1415 2352 facere
1463 2288 1939 2371 poenitentiam
1987 2290 2243 2369 cogita-

373 2387 504 2451 vit.
605 2387 990 2470 Episcopus
1017 2394 1267 2466 autem,
1302 2395 1380 2451 ut
1401 2388 1666 2471 justum
1699 2388 1831 2452 sibi
1863 2387 2241 2466 videbatur,

367 2486 610 2550 volens
648 2488 710 2551 ei
751 2487 1060 2569 infligere
1092 2488 1591 2570 poenitentiam,
1629 2487 1826 2552 miles
1868 2489 2243 2570 respondit,

365 2590 389 2620 ‘
426 2587 612 2650 Dum
659 2586 897 2669 igitur,
946 2595 1026 2651 ut
1074 2588 1347 2664 asseris,
1402 2587 1763 2651 Factorem
1820 2607 2048 2651 meum
2099 2594 2241 2653 tam

365 2688 676 2767 graviter
721 2686 1138 2765 offenderim,
1185 2687 1662 2770 poenitentiam
1700 2705 2046 2751 assumam
2094 2705 2239 2752 ‘om-

364 2787 567 2850 nibus
611 2787 1035 2869 poenitentiis
1082 2788 1493 2869 graviorem,
1539 2794 1633 2864 et,
1677 2793 1757 2851 ut
1799 2796 2239 2870 peccatorum

357 2905 669 2951 meorum
711 2905 974 2951 merear
1021 2885 1487 2951 remissionem
1527 2887 1860 2972 accipere,
1907 2894 2238 2971 purgato·

358 2987 544 3050 rium
581 2987 802 3051 sancti
845 2985 1133 3050 Patricii
1165 2988 1323 3052 volo
1354 2987 1659 3051 intrare!
1763 2989 1872 3052 De
1911 2988 2041 3052 boc
2068 3007 2238 3071 quo-

355 3106 499 3170 que
553 3086 979 3169 purgatorio,
1037 3094 1108 3150 et
1162 3086 1313 3169 ejus
1366 3086 1652 3168 origine,
1702 3086 1888 3169 quod
1931 3088 2241 3213 sequitur

351 3186 645 3251 tradunt
669 3192 936 3250 veteres
968 3185 1273 3252 historiae
1308 3183 1798 3250 Hibernenses.

732 3365 831 3428 De
858 3364 1092 3429 ratione
1108 3365 1473 3449 puryaton'i
1496 3365 1868 3450 supradicti.

461 3485 770 3568 Magnus
810 3479 1209 3564 ¹Patricius,
1249 3488 1410 3550 dum
1462 3488 1529 3551 in
1574 3487 1910 3553 Hibernia
1953 3492 2229 3556 verbum

347 3586 495 3651 Dei
531 3585 936 3668 praedicaret
969 3593 1039 3650 et
1076 3586 1310 3651 multis
1353 3588 1444 3651 ibi
1485 3588 1965 3654 miraculorum
2012 3591 2226 3673 signis

344 3692 775 3762 coruscaret,
830 3685 1152 3750 bestiales
1207 3686 1392 3750 illius
1440 3689 1683 3769 patriae
1741 3688 2046 3755 homines
2095 3698 2225 3756 ter-

342 3805 506 3851 rore
542 3784 977 3849 infernalium
1004 3793 1494 3852 tormentorum
1536 3806 1617 3850 ac
1656 3789 1959 3870 paradisi
1995 3809 2226 3855 amore

344 3884 763 3967 gaudiorum
798 3904 841 3948 a
868 3885 1156 3950 mortuis
1189 3887 1455 3951 studuit
1498 3888 1817 3969 operibus
1863 3909 2221 3969 revocare3

346 3984 473 4049 sed
515 3985 652 4067 ipsi
690 3985 899 4068 plano
942 4004 1253 4050 sermone
1287 3984 1738 4063 affirmabant,
1777 4006 1853 4051 se
1890 4008 2028 4054 non
2061 4008 2224 4054 con-

343 4104 677 4150 versuros
704 4083 795 4148 ad
821 4084 1189 4162 Christum,
1220 4086 1352 4149 nisi
1379 4086 1655 4151 oculata
1679 4088 1812 4150 fide
1842 4088 2033 4170 prius
2061 4108 2223 4153 con-

344 4186 723 4268 spicerent,
763 4204 917 4267 quae
959 4185 1294 4267 promisit.
1371 4184 1574 4249 Unde
1603 4187 1849 4250 beatus
1880 4186 2222 4252 Patricius

345 4285 516 4348 dum
555 4297 684 4366 pro‘
713 4283 935 4348 salute
964 4284 1202 4367 populi
1233 4285 1306 4347 in
1337 4284 1643 4369 jejuniis,
1673 4286 1930 4368 vigiliis
1972 4295 2042 4351 et
2067 4306 2221 4351 ora-

341 4384 656 4448 tionibus
715 4384 982 4466 positus
1049 4384 1418 4449 Dominum
1481 4393 1878 4467 precaretur
1933 4405 2226 4469 propen-

439 4614 458 4648 ¹
485 4617 780 4682 Patricium]
808 4618 1050 4680 Compare
1072 4616 1188 4667 Act.
1212 4616 1303 4667 SS.
1326 4631 1482 4668 mens.
1507 4617 1661 4669 Mart.
1683 4624 1803 4668 tom.
1828 4619 1882 4667 ii.
1905 4620 2000 4669 col.
2025 4624 2138 4670 589.

454 4708 614 4756 VOL.
653 4709 732 4756 11.
1897 4710 1932 4754 8
