3457 5887
1200 854 1290 920 92
1700 871 1969 919 uocum
2014 870 2108 918 ns
2152 869 2563 919 wssoovnn

889 1043 997 1083 an.
1018 1044 1130 1085 1097.
1206 1027 1460 1093 habens
1511 1029 1939 1108 fortissimae,
1981 1030 2055 1094 in
2093 1030 2341 1113 quibus
2384 1035 2652 1093 centum
2695 1027 2828 1092 viri
2872 1029 3076 1091 armis

885 1093 1180 1187 gmon.
1201 1129 1486 1206 strenui,
1535 1129 1939 1194 balistarum
1971 1148 2170 1193 usum
2209 1130 2561 1204 habentes,
2611 1135 2813 1192 erant
2861 1128 3073 1210 depu-

1204 1228 1356 1305 tati,
1414 1229 1532 1311 qui
1591 1236 1870 1312 pontem
1932 1228 2041 1293 vel
2106 1228 2403 1292 fluminis
2458 1227 2706 1291 vadum
2766 1226 3070 1291 volentes

1202 1328 1493 1392 transire
1522 1329 1857 1393 violenter
1889 1336 2241 1407 arcerent;
2287 1327 2706 1392 advenerant
2737 1333 3071 1409 praeterea

1201 1427 1288 1490 ab
1317 1424 1687 1492 Antiochia
1713 1428 1978 1510 equites
2004 1428 2442 1511 septingenti,
2469 1426 2612 1509 qui,
2654 1427 2727 1488 in
2762 1426 3067 1489 ulteriori

1202 1525 1497 1591 fluminis
1526 1527 1676 1610 ripa
1708 1527 2089 1604 constituti,
2121 1528 2482 1592 transitum
2522 1525 2774 1589 nostris
2817 1544 3068 1607 negare

1197 1645 1322 1706 pro
1348 1626 1604 1690 viribus
1637 1627 2102 1691 decertabant.
2205 1625 2317 1691 Ad
2361 1624 2543 1688 hunc
2585 1644 2858 1708 quoque
2900 1644 3067 1706 pon-

1196 1731 1332 1789 tem
1363 1744 1514 1789 cum
1552 1726 1841 1790 transire
1879 1746 2018 1790 non
2059 1733 2331 1808 poterat
2372 1725 2518 1788 dux
2563 1723 2939 1801 Robertus,
2982 1725 3065 1787 ab

1194 1822 1502 1888 hostibus
1537 1825 1882 1908 praedictis
1918 1825 2305 1909 impeditus,
2327 1824 2405 1889 fit
2420 1824 2669 1888 ibidem
2700 1823 3059 1888 conflictus

1193 1924 1626 2005 asperrimus,
1687 1924 1867 2007 quod
1935 1943 2152 2008 usque
2209 1925 2297 1988 ad
2361 1924 2730 1988 adventum
2781 1923 3060 2006 majoris

1189 2023 1532 2088 exercitus
1590 2043 1725 2087 non
1784 2025 2120 2089 cessabat.
2244 2023 2623 2106 Postquam
2685 2042 2854 2105 ergo
2913 2023 3059 2086 uni-

1189 2140 1405 2186 versae
1453 2130 1917 2188 convenerant
1959 2124 2286 2206 legiones,
2339 2122 2529 2187 lituis
2571 2123 3056 2205 perstrepenti-

1185 2221 1314 2284 bus
1357 2230 1426 2287 et
1464 2222 1670 2300 tubis,
1711 2231 1988 2306 pontem
2025 2222 2382 2300 invadunt,
2414 2222 2672 2287 viribus
2705 2222 2872 2287 totis
2902 2220 3058 2285 hos-

1187 2327 1290 2384 tes
1320 2322 1681 2405 repellunt,
1704 2330 1775 2387 et
1806 2322 1923 2386 alii
1953 2323 2248 2400 interim,
2265 2321 2445 2386 vado
2480 2328 2773 2403 reperto,
2804 2321 3056 2385 flumen

1183 2427 1500 2502 potenter
1542 2428 1922 2499 transeunt,
1981 2429 2052 2486 et
2106 2423 2322 2505 ripam
2374 2421 2788 2499 ulteriorem,
2842 2419 3054 2485 hosti—

1183 2520 1310 2582 bus
1343 2520 1624 2603 fugatis,
1656 2522 2051 2603 attingunt;
2100 2521 2345 2586 deinde
2373 2521 2707 2585 translato
2742 2522 3051 2585 exercitu

1181 2619 1523 2698 universo,
1552 2629 1782 2686 castra
1809 2628 2220 2698 statuerunt,
2260 2628 2331 2685 et
2373 2620 2483 2684 die
2526 2621 2841 2702 sequenti
2874 2621 3054 2684 inter

1180 2727 1446 2784 montes
1476 2727 1548 2785 et
1585 2720 1891 2798 fluvium,
1923 2720 2104 2785 viam
2155 2719 2412 2803 regiam
2456 2727 2847 2803 sequentes,
2891 2726 3050 2784 ante

1184 2816 1417 2883 urbem
1442 2819 1621 2884 infra
1648 2819 1937 2884 milliare
1967 2839 2176 2885 unum
2199 2827 2435 2885 castra
2468 2819 2892 2884 locaverunt.

860 2930 1054 3022 {2333
1280 2911 1439 2984 Est¹
1472 2927 1698 2985 autem
1726 2918 2097 2985 Antiochia
2126 2920 2370 2986 civitas
2401 2918 2756 3003 praeclara,
2788 2919 2880 2984 ab
2902 2916 3048 2983 An·

1178 3016 1405 3084 tiocho
1448 3020 1588 3085 filio
1627 3018 2006 3084 Alexandri
2056 3020 2454 3084 Macedonis
2496 3020 2704 3097 dicta,
2741 3039 2826 3084 eo
2865 3020 3046 3103 qnod

1174 3115 1361 3181 illam
1423 3128 1632 3202 caput
1692 3127 2032 3184 statuerat
2097 3119 2291 3202 regni
2351 3119 2501 3199 sui;
2561 3120 2636 3183 in
2685 3119 2814 3184 hac
2859 3129 3049 3203 post-

1173 3218 1446 3282 modum
1499 3220 1962 3302 apostolorum
2008 3218 2323 3303 princeps
2380 3219 2769 3284 cathedram
2825 3221 3048 3284 tenuit

1170 3317 1656 3398 pontificalem,
1700 3321 1828 3383 sub
1864 3318 2245 3401 Theophilo
2298 3318 2443 3383 viro
2491 3319 2890 3397 venerabili,
2929 3312 3043 3402 qui

1170 3423 1321 3479 erat
1364 3417 1437 3479 in
1484 3418 1767 3483 civitate
1804 3419 2339 3501 potentissimus»,
2382 3439 2426 3483 a
2468 3438 2606 3501 quo
2652 3420 2859 3483 etiam
2912 3419 3039 3484 fuit

1169 3512 1570 3597 Theophilis
1617 3526 2050 3601 nuncupata;
2103 3518 2249 3582 haec
2283 3538 2556 3601 quoque
2588 3518 2833 3601 priscis
2869 3526 3038 3583 tem-

1166 3613 1445 3694 poribus
1497 3616 1683 3680 dicta
1734 3625 1839 3682 est
1885 3616 2205 3695 Reblata,
2256 3617 2342 3682 ad
2396 3637 2600 3701 quam
2647 3617 3038 3696 Sedechias,

1165 3731 1289 3775 rex
1343 3712 1388 3776 J
1396 3714 1571 3793 udae,
1620 3724 1782 3781 ante
1836 3716 2474 3782 Nabuchodonosor
2515 3738 2742 3801 regem
2788 3719 3034 3783 ductus

1163 3819 1270 3875 est
1331 3821 1400 3878 et
1458 3815 1672 3880 oculis
1730 3817 2064 3900 privatus.
2168 3817 2319 3882 Sita
2385 3824 2492 3882 est
2550 3819 2622 3881 in
2682 3820 3035 3901 provincia

1160 3909 1562 3994 Syriaceles,
1590 3935 1745 3999 quae
1778 3917 2056 4001 majoris
2084 3915 2303 4000 Syriae
2330 3936 2493 4001 pars
2517 3938 2668 3982 esse
2693 3918 3032 4001 dignosci·

1160 4018 1295 4089 tur,
1356 4032 1561 4097 agros
1612 4015 1870 4081 habens
1928 4017 2330 4095 uberrimos,
2377 4017 2544 4110 rivis
2596 4037 2679 4083 ac
2731 4019 3032 4084 sontibus

1157 4109 1592 4179 delectabiles
1638 4123 1709 4180 et
1752 4116 2148 4181 amoenitate
2190 4117 2593 4200 singulares.
2697 4117 2871 4183 Erat
2908 4136 3029 4183 au-

1158 4215 1292 4274 tem
1326 4212 1641 4278 dominus
1676 4215 1979 4279 civitatis
2024 4209 2338 4299 'quidam
2373 4215 2719 4295 Axianus,
2749 4219 3029 4283 natione

1222 4430 1238 4464 ¹
1262 4435 1357 4483 Est
1386 4440 1543 4485 auum
1563 4433 1869 4508 Antioc-M]
1905 4440 2002 4489 For
2033 4456 2065 4491 a
2112 4442 2170 4492 of
2182 4443 2344 4506 Tyre:
2377 4445 2445 4506 by
2467 4445 2655 4495 Robert
2672 4445 2757 4495 the
2779 4446 2940 4496 Monk
2963 4448 3025 4497 be

1150 4503 1453 4566 description
1489 4506 1545 4556 οἰ
1580 4507 1797 4558 Antioch
1842 4523 1926 4559 see
1965 4511 2063 4561 Po·
2112 4512 2156 4561 is
2188 4514 2350 4563 called
2382 4515 2689 4574 Cassianum
2721 4517 2790 4577 by
2814 4517 3030 4566 Pulcher

1149 4575 1323 4636 cocke‚
1342 4576 1440 4625 vol.
1458 4577 1513 4627 ii.
1535 4593 1588 4639 p.
1604 4579 1640 4629 i.
1663 4594 1752 4640 pp.
1780 4583 2007 4630 188-198.
2112 4583 2171 4630 of
2197 4584 2450 4646 charues,
2478 4585 2787 4647 Gratianum
2822 4588 2924 4635 and
2959 4588 3026 4647 by

1218 4642 1239 4671 ¹
1262 4645 1471 4700 Quidam
1492 4643 1763 4718 aia-ianua]
1817 4650 1883 4699 So
1920 4650 2060 4700 will.
2112 4653 2290 4703 Albert
2317 4655 2375 4703 of
2395 4656 2519 4718 Ain,
2552 4655 2850 4705 Drusianus.
2926 4657 3025 4707 His
