3457 5887
1113 782 1243 845 408
1610 789 1875 839 nocam
1923 788 2017 835 nn
2060 785 2469 836 wimnovnn

1140 1025 1426 1114 Epistola
1459 1022 1809 1089 Alexandri
1828 1043 2017 1108 papa
2044 1021 2136 1086 ad
2162 1020 2499 1085 Johannom
2526 1018 2972 1104 Presbyterum,

1471 1174 1477 1180 .
1786 1144 1981 1209 royom
2007 1121 2332 1186 Indorum.

808 1270 918 1312 sn.
938 1270 1049 1309 11⁸1.
1247 1249 1451 1314 Circa
1500 1246 1774 1312 eosdem
1833 1245 1978 1310 dies
2034 1264 2220 1330 papa
2271 1243 2667 1309 Alexander
2720 1241 2998 1324 scripsit

805 1320 1057 1419 mco
1130 1341 1575 1432 Presbytero¹
1595 1346 1926 1423 Iohanni,
1944 1344 2271 1409 Indorum
2295 1344 2467 1427 regi,
2490 1344 2565 1406 in
2583 1342 2730 1406 haec
2751 1342 2998 1418 verba3

810 1419 1103 1462 mm
1127 1455 1150 1485 ‹
1168 1440 1598 1514 Alexander²
1638 1446 2000 1529 episcopus
2038 1444 2387 1509 carissimo
2428 1444 2501 1507 in
2543 1441 2819 1507 christo
2857 1440 2996 1503 fino

1128 1548 1418 1613 salutem
1468 1553 1540 1610 et
1583 1543 2033 1628 apostolicam
2085 1543 2645 1609 benedictionem.
2749 1538 2998 1604 Audie-

1130 1665 1360 1712 ramus
1388 1644 1827 1730 jampridem,
1865 1643 2310 1708 referentibus
2346 1641 2610 1717 multis,
2640 1639 2996 1723 quomodo,

1131 1767 1285 1811 cum
1338 1745 1436 1809 sis
1486 1744 1950 1809 Christianam
2010 1743 2406 1826 religionem
2454 1740 2818 1824 professus,
2860 1740 2997 1822 piis

1134 1846 1306 1911 velis
1336 1844 1654 1926 operibus
1688 1842 2079 1907 incumbere
2115 1842 2517 1925 diligentem
2561 1840 2682 1904 sed
2714 1838 2994 1903 dilectus

1135 1945 1320 2008 filius
1346 1949 1580 2007 noster
1610 1941 1974 2026 Philippus
2011 1942 2336 2019 medicus,
2367 1940 2485 2024 qui
2515 1939 2602 2004 de
2633 1938 3003 2003 intentione

1136 2042 1418 2126 propria
1468 2049 1538 2106 et
1587 2042 1942 2125 proposito
1984 2049 2105 2105 tuo
2155 2061 2310 2106 cum
2353 2040 2627 2121 magnis
2677 2046 2751 2102 et
2797 2037 3009 2101 hono-
3066 2072 3069 2077 ·

1141 2142 1468 2207 rabilibus
1509 2141 1674 2205 viris
1715 2141 1820 2205 tui
1856 2141 2052 2223 regni
2091 2160 2169 2205 se
2210 2142 2284 2205 in
2326 2140 2638 2224 partibus
2680 2137 2816 2201 illis
2859 2156 3008 2200 ver-

1140 2242 1303 2306 bum
1355 2240 1676 2304 habuisse
1717 2241 2063 2323 proponit,
2111 2241 2290 2305 sicut
2332 2240 2440 2305 vir
2484 2237 2813 2321 providus
2859 2255 3014 2300 con-

1141 2347 1409 2404 stanter
1456 2339 1653 2403 nobis
1702 2339 1963 2417 retulit,
2009 2358 2085 2403 se
2130 2338 2556 2404 manifestius
2606 2339 2693 2401 ab
2732 2336 2844 2400 his
2895 2355 3016 2400 au·

1144 2438 1422 2516 divisse,
1452 2438 1636 2520 quod
1670 2444 1812 2502 tuae
1842 2438 2220 2503 voluntatis
2257 2440 2349 2503 sit
2379 2445 2451 2501 et
2489 2436 2815 2520 propositi
2858 2455 3016 2499 eru-

1145 2537 1276 2601 diri
1324 2538 1397 2599 in
1448 2536 1793 2601 catholica
1833 2544 1906 2601 et
1948 2537 2332 2620 apostolica
2382 2536 2751 2618 disciplina,
2796 2542 2868 2598 et
2916 2534 3009 2598 ad

1144 2635 1273 2701 hoc
1307 2635 1653 2699 ferventer
1681 2634 2024 2713 intendas,
2056 2642 2136 2700 ut
2163 2643 2241 2701 tu
2270 2644 2339 2701 et
2368 2643 2612 2699 cuncta
2640 2635 2828 2718 plebs
2861 2641 3010 2697 tuae

1146 2734 1551 2798 sublimitati
1594 2733 1959 2798 commissa
1994 2734 2163 2798 nihil
2204 2753 2503 2818 unquam
2546 2732 2908 2798 videamini
2937 2733 3015 2796 in

1147 2834 1280 2896 fide
1311 2840 1546 2897 vestra
1579 2840 1837 2910 tenere,
1878 2834 2062 2915 quod
2097 2853 2143 2897 a
2181 2833 2492 2898 doctrina
2531 2832 2713 2896 sedis
2745 2840 3021 2914 aposto—

1150 2932 1301 2998 licae
1333 2931 1715 2998 dissentiat.
1800 2931 1984 2997 Illud
2016 2933 2223 2998 etiam
2250 2933 2337 2998 ad
2370 2931 3023 2998 commendationem

1152 3040 1292 3097 tuae
1314 3032 1590 3097 virtutis
1617 3031 1904 3110 accedit,
1934 3031 2141 3114 quod,
2161 3034 2340 3098 sicut
2365 3032 2736 3116 praedictus
2763 3030 3023 3115 Philip-

1152 3152 1284 3215 pus
1318 3151 1394 3196 se
1427 3151 1471 3195 a
1503 3132 1642 3195 tuis
1683 3132 1927 3196 asserit
1960 3132 2328 3210 audivisse,
2360 3132 2650 3197 ferventi
2690 3130 3023 3195 desiderio

1153 3249 1438 3313 cuperes
1476 3231 1548 3294 in
1587 3232 1757 3295 urbe
1796 3230 2048 3295 habere
2088 3232 2442 3297 ecclesiam
2484 3238 2557 3296 et
2591 3231 3027 3295 Hierusalem

1156 3330 1376 3395 altare
1414 3329 1714 3412 aliquod,
1748 3331 1864 3394 ubi
1897 3331 2028 3396 viri
2070 3331 2372 3412 religiosi
2406 3331 2492 3395 de
2534 3349 2749 3413 regno
2794 3338 2919 3395 tuo
2960 3338 3027 3393 et

1155 3429 1525 3512 prudentes
1564 3447 1839 3493 manere
1884 3438 2166 3512 possent
2214 3437 2285 3495 et
2330 3430 2713 3513 apostolica
2762 3429 3029 3512 plenius

1157 3528 1405 3592 instrui
1433 3527 1817 3611 disciplina,
1847 3548 1968 3612 per
1996 3548 2170 3612 quos
2200 3537 2276 3594 tu
2310 3538 2380 3595 et
2405 3529 2717 3594 homines
2742 3530 2847 3593 tui
2872 3529 3028 3592 doc·

1157 3627 1411 3690 trinam
1439 3628 1661 3710 ipsam
1690 3628 1960 3691 facilius
1993 3628 2368 3712 reciperent
2390 3637 2461 3693 et
2493 3636 2823 3693 tenerent.
2877 3627 3021 3692 Nos

1158 3731 1386 3789 autem
1430 3745 1556 3790 vos
1606 3727 1693 3790 ab
1738 3726 1870 3791 hiis
1924 3728 2253 3806 articulis,
2300 3729 2372 3792 in
2413 3728 2665 3812 quibus
2706 3726 2937 3792 erratis
2977 3745 3022 3789 a

1160 3821 1554 3888 Christiana
1601 3832 1672 3889 et
1721 3825 2059 3891 catholica
2113 3826 2270 3905 fide,
2325 3847 2648 3892 revocare
2702 3827 3027 3903 volentes,

1157 3921 1516 4003 praefatum
1563 3921 1959 4008 Philippum
2010 3925 2097 3989 ad
2151 3934 2339 3991 tuam
2392 3928 2728 3992 mittimus
2772 3927 3028 4008 magni-

1157 4019 1500 4099 tudinem;
1545 4041 1668 4104 per
1705 4042 1910 4104 quem
1941 4023 2027 4088 de
2057 4026 2363 4089 articulis
2401 4026 2559 4090 fidei
2599 4025 3027 4103 Christianae,

1106 4183 1109 4185 ,
1156 4118 1226 4182 in
1269 4119 1517 4201 quibus
1563 4129 1641 4184 tu
1683 4129 1754 4185 et
1791 4123 1892 4186 tui
1936 4141 1981 4186 a
2021 4125 2216 4188 nobis
2256 4125 2646 4190 discordare
2689 4124 3028 4203 videmini,

1231 4292 1246 4324 ¹
1273 4294 1558 4359 Presbytero
1589 4297 1872 4362 Jonas-ne]
1919 4299 2069 4361 Upon
2119 4303 2418 4366 concerning
2441 4303 2583 4364 him3
2620 4302 2745 4352 edit.
2776 4306 2921 4365 lm,
2944 4317 3029 4364 pp.

1160 4364 1242 4414 the
1264 4364 1454 4427 history
1475 4365 1535 4414 οἱ
1545 4366 1645 4415 this
1668 4367 1969 4430 individual,
1989 4368 2071 4418 his
2121 4375 2353 4421 sao-⁸68.

1159 4434 1396 4496 kingdom
1432 4436 1531 4484 and
1571 4451 1735 4497 name,
1769 4437 1853 4485 the
1896 4439 2071 4488 reader

1157 4517 1276 4564 may
1304 4506 1502 4553 consult
1531 4504 1615 4554 the
1647 4512 1788 4556 notes
1820 4508 1889 4568 by
1920 4508 2072 4570 Pagi,
2190 4502 2211 4532 ¹
2237 4505 2532 4556 Alexander.
2563 4506 2588 4570 ]
2648 4505 2758 4555 The
2799 4507 2944 4555 letter
2981 4511 3031 4556 at

1157 4572 1207 4619 in
1241 4572 1324 4622 the
1367 4589 1490 4634 year
1515 4579 1658 4637 117⁷,
1689 4573 1892 4640 §v—x.
1927 4577 2072 4627 Man·
2120 4573 2290 4638 length
2323 4577 2369 4624 is
2402 4577 2548 4637 given
2581 4577 2646 4637 by
2680 4576 2943 4638 Hoveden,
2974 4592 3027 4638 p.

1156 4640 1341 4692 deville
1371 4643 1420 4691 in
1452 4643 1532 4693 his
1561 4645 1767 4696 Travels
1800 4645 1892 4697 has
1919 4648 2069 4697 much
2123 4645 2352 4709 ⁵81,and
2370 4645 2635 4709 Batonius,
2651 4660 2736 4697 an.
2754 4643 3027 4711 11⁷⁷,§38.
