3457 5887
1158 915 1290 985 234
1664 933 1932 982 nocam
1975 933 2070 981 ns
2113 931 2523 982 wmmovsn

846 1111 956 1152 Aa).
976 1112 1088 1153 mx.
1164 1092 1480 1157 inventos
1528 1090 1679 1156 sine
1726 1088 2193 1153 misericordia
2239 1087 2633 1165 trucidavit,
2693 1106 2828 1153 non
2870 1105 3024 1168 par-

1164 1210 1327 1256 cens
1351 1188 1550 1256 sexui
1575 1189 1686 1255 vel
1715 1187 1947 1268 aetati;
1975 1189 2078 1253 sic
2096 1189 2331 1271 itaque
2359 1190 2524 1252 urbs
2554 1187 3026 1271 antiquissima

1161 1298 1235 1357 et
1267 1289 1658 1355 Christiano
1702 1289 1975 1353 nomine
2017 1288 2371 1370 insignita,
2406 1307 2489 1352 ac
2530 1286 2820 1352 Thadaei
2862 1305 3022 1368 apo—

1163 1391 1324 1455 stoli
1383 1389 1866 1473 praedicatione
1922 1407 2277 1464 conversa,
2329 1407 2535 1464 nunc,
2585 1387 2759 1471 proh
2801 1385 3020 1450 dolor!

1163 1491 1293 1555 sub
1341 1488 1713 1554 infidelium
1775 1494 1881 1553 est
1936 1493 2280 1571 potestate
2340 1488 2641 1551 redacta.
2755 1485 2842 1550 In
2897 1485 3021 1549 hac

1164 1589 1346 1654 enim
1397 1588 1649 1653 dicitur
1702 1606 1951 1671 corpus
1992 1587 2178 1652 beati
2222 1586 2506 1651 Thomae
2551 1584 2851 1669 apostoli
2891 1604 3023 1649 una

1163 1708 1320 1753 cum
1363 1687 1762 1772 corporibus
1804 1687 2027 1751 sancti
2057 1685 2342 1751 Thadaei
2382 1685 2758 1770 supradicti
2799 1692 2873 1749 et
2917 1685 3024 1748 be-

1165 1788 1264 1853 ati
1291 1788 1476 1870 regis
1505 1786 1772 1869 Abgari
1805 1786 2148 1871 sepultum
2181 1806 2199 1866 3
2257 1785 2367 1849 hic
2397 1793 2629 1850 autem
2661 1790 2770 1849 est
2797 1784 3022 1866 Abga-

1165 1907 1283 1952 rus
1331 1887 1471 1965 ille,
1525 1885 1858 1970 toparcha
1911 1885 2222 1962 illustria,
2278 1884 2475 1969 cujus
2524 1884 2885 1968 epistolam
2933 1884 3019 1947 ad

1166 1988 1536 2053 Dominum
1587 1987 1868 2050 missam
1921 1979 1940 2017 ¹
1957 1985 2298 2050 Eusebius
2351 1984 2799 2049 Caesariensis
2845 2003 3020 2048 com-

1163 2093 1496 2152 memorat
1534 2086 1609 2151 in
1647 2084 1966 2150 Historia
1999 2084 2507 2163 Ecclesiastica,
2539 2105 2746 2169 quem
2784 2090 2858 2148 et
2886 2084 3017 2147 Do-

1162 2186 1330 2251 mini
1373 2187 1656 2268 dignum
1704 2186 2036 2269 rescripto
2084 2184 2306 2262 docet,
2358 2186 2711 2267 utriusque
2764 2202 3019 2265 ponens

1162 2286 1525 2370 epistolam
1575 2292 1647 2349 et
1687 2284 1763 2348 in
1818 2284 1950 2349 fine
2001 2285 2103 2349 ita
2150 2284 2614 2368 subjungens3
2675 2289 2699 2319 ‘
2730 2282 2910 2347 Haec
2952 2283 3018 2345 in

1163 2386 1457 2451 archivis
1490 2384 1783 2468 publicis
1815 2383 2096 2449 Edessae
2139 2384 2353 2460 urbis,
2378 2384 2452 2448 in
2480 2403 2621 2467 qua
2649 2391 2814 2448 tunc
2851 2402 3016 2465 prae-

1161 2486 1384 2551 dictus
1414 2484 1739 2567 Abgarus
1768 2485 2105 2566 regnavit,
2135 2484 2237 2549 ita
2262 2482 2607 2566 descripta
2631 2481 3017 2565 reperimus,

1159 2587 1232 2649 in
1282 2585 1388 2649 his
1437 2584 1720 2661 chartis,
1777 2603 1934 2667 quae
1975 2590 2175 2665 gesta
2217 2583 2401 2666 regis
2447 2580 2707 2665 Abgari
2743 2591 3015 2673 servata

1161 2683 1540 2768 antiquitus
1592 2677 2079 2748 continebant!
2198 2682 2376 2747 Haec
2407 2689 2736 2766 praeterea
2768 2680 3008 2744 civitas

1158 2803 1342 2867 saepe
1382 2784 1638 2866 legitur
1681 2782 2116 2866 postmodum
2164 2801 2209 2845 a
2261 2782 2668 2848 Christianis
2713 2781 3012 2856 subacta,

1156 2892 1230 2950 et
1259 2885 1507 2950 iterum
1536 2903 1584 2948 a
1614 2882 1975 2948 Saracenis
2003 2899 2344 2967 possessa.

1366 3061 2806 3148 Dummodworumpmtttflmmllomamrum.

837 3200 1080 3242 ⁸⁰⁶⁰⁸⁸⁸¹⁰¹¹
1253 3196 1512 3260 Eodem
1558 3213 1764 3272 anno,
1802 3192 2125 3258 defuncto
2157 3211 2342 3276 papa
2376 3193 2805 3271 Innocentio,
2838 3186 3016 3257 'Cae-

835 3252 1032 3302 σω
1152 3296 1441 3361 lestinus
1484 3294 1839 3372 successit,
1872 3293 2016 3376 qui,
2046 3312 2201 3357 cum
2247 3292 2594 3358 sedisset
2574 3312 2646 3356 m
2695 3293 3017 3358 cathedra

1055 3400 1062 3413 ⁶
1155 3395 1477 3461 Romana
1525 3394 1874 3458 mensibus
1918 3393 2245 3476 quinque,
2290 3392 2468 3457 diem
2512 3393 2763 3457 clausit
2803 3399 3017 3456 extre-

1150 3514 1384 3571 mum:
1452 3494 1564 3557 cui
1626 3492 1996 3557 succedens
2051 3485 2344 3556 'Lucius
2401 3492 2788 3557 Romanam
2846 3491 3019 3556 rexit

1150 3580 1507 3658 ecclesiam
1544 3593 1893 3657 mensibus
1938 3591 2252 3655 undecim
2291 3599 2361 3656 et
2396 3591 2636 3656 diebus
2675 3592 3013 3656 tredecim.

1150 3693 1409 3757 Eodem
1443 3711 1626 3756 anno
1661 3692 1836 3756 obiit
1855 3684 2301 3769 “Willelmus‚
2325 3691 2825 3757 wintoniensis
2851 3712 3020 3775 prae-

1148 3792 1281 3870 sul,
1329 3799 1400 3856 et
1452 3789 1803 3855 Henricus
1852 3783 2231 3872 successit3
2291 3791 2448 3855 huic
2497 3811 2661 3856 vero
2711 3791 3017 3856 Hem-ico

1151 3891 1404 3956 Lucius
1446 3909 1632 3974 papa
1672 3889 1958 3974 pallium
2004 3891 2214 3968 misit,
2253 3890 2491 3956 volens
2532 3890 2715 3974 apud
2756 3891 3019 3956 Winto-

1146 3992 1329 4056 niam
1368 4010 1621 4055 novum
1667 3990 2251 4073 archiepiscopum
2296 3991 2718 4056 constituere
2765 4000 2837 4055 et
2875 4010 3018 4074 sep-

1144 4098 1280 4156 tem
1315 4092 1380 4156 ei
1422 4091 1781 4174 episcopos
1835 4090 2210 4172 assignare.
2323 4090 2483 4154 Hoc
2524 4110 2797 4174 quoque
2842 4110 3014 4154 anno

1208 4306 1225 4340 ¹
1249 4309 1504 4360 Eusebius.
1537 4308 1569 4374 J
1588 4307 1727 4358 Edit.
1761 4294 2053 4369 cantabrig.
2105 4306 2296 4357 tember
2312 4311 2457 4370 1148,
2471 4307 2525 4356 di
2526 4307 2622 4356 ed
2606 4321 2658 4356 ιιι
2673 4305 2851 4356 March
2872 4307 3005 4353 1144.

1142 4383 1289 4442 1720,
1308 4396 1396 4441 pp.
1414 4383 1496 4442 87,
1509 4382 1591 4428 88.
1639 4378 2052 4428 Thelettersare
2172 4373 2546 4446 ’Lucits‚]the
2568 4377 2788 4437 second3
2813 4373 3005 4424 hedied

1136 4450 1246 4498 also
1279 4449 1477 4511 printed
1500 4450 1568 4510 by
1590 4448 1790 4497 Fabrici
1794 4462 1855 4496 us
1887 4448 1940 4495 in
1971 4446 2050 4496 bis
2099 4445 2152 4495 in
2174 4446 2433 4509 February
2460 4451 2604 4496 1145.

1136 4519 1311 4568 Codex
1329 4517 1666 4581 Apocryphus
1702 4518 1838 4567 Novi
1870 4517 2046 4566 Testa-
2167 4514 2305 4567 ‘Wn
2295 4517 2535 4580 Helenum]
2572 4516 2795 4565 william
2818 4512 3002 4565 Giffard

1132 4590 1304 4637 menti.
2096 4586 2258 4636 died
2240 4602 2295 4635 ιιι
2316 4591 2463 4648 1128,
2484 4586 2586 4636 and
2608 4600 2719 4635 was
2739 4581 3002 4635 sncceeded

1200 4655 1545 4708 'Calestinu.
1578 4657 1603 4722 ]
1661 4655 1914 4706 Celestine
1956 4656 2041 4706 the
2094 4656 2162 4718 by
2191 4656 2369 4719 Hem-y
2390 4658 2450 4708 os
2466 4656 2609 4706 Blois
2641 4657 2696 4705 in
2715 4655 2801 4704 the
2822 4654 3002 4750 follow-

1132 4729 1337 4791 second,
1384 4727 1567 4776 chonen
1613 4741 1743 4789 pope
1787 4726 1874 4775 oth
1912 4727 2040 4788 Sep·
2090 4727 2179 4789 ing
2200 4742 2337 4788 year.
