3457 5887
917 842 1195 890 nonus
1240 842 1778 892 ms‘romAnvM.
2157 828 2287 892 255

407 1004 666 1069 Eodem
728 1023 912 1069 anno
976 1011 1183 1068 natus
1230 1010 1337 1067 est
1387 1004 1544 1067 duci
1600 1003 1911 1068 Henrico
1967 1003 2150 1068 filius
2194 1023 2284 1068 ex
2313 1016 2421 1056 A-D-
2440 1016 2552 1055 ¹¹⁵²·

405 1103 693 1169 Alienor
757 1124 978 1169 uxore
1027 1123 1177 1181 sua,
1232 1111 1303 1167 et
1369 1112 1655 1168 vocatus
1713 1111 1821 1169 est
1869 1104 2284 1182 Willelmus,

404 1203 589 1287 quod
632 1205 983 1286 proprium
1027 1223 1277 1267 nomen
1311 1211 1418 1268 est
1453 1204 1740 1269 ducibus
1771 1202 2284 1289 Aquitanorum

406 1311 478 1369 et
509 1304 875 1368 comitibus
910 1303 1465 1385 Andegavorum.

576 1478 673 1540 De
700 1476 1024 1541 concordia
1037 1475 1229 1559 facta
1257 1475 1420 1539 inter
1448 1494 1642 1559 reyem
1671 1473 2048 1560 Stephanum
2075 1485 2130 1539 ot

1041 1574 1251 1638 ducem
1277 1574 1641 1638 Henrioum.

544 1699 753 1764 Anno
806 1699 1087 1764 Domini
1153 1715 1410 1762 moun.
1446 1698 1722 1782 justitia
1768 1698 1853 1762 de
1907 1699 2078 1764 caelo
2133 1720 2292 1783 pro—
2317 1723 2561 1762 annas.

2319 1773 2563 1812 Pueeeo·

413 1799 769 1883 spiciente,
814 1806 885 1862 et
926 1799 1283 1880 diligentia
1327 1797 1731 1875 Theobaldi,
1773 1797 2290 1864 Cantuariensis
2314 1783 2562 1912 5133?ss

414 1899 937 1981 archiepiscopi,
966 1906 1037 1962 et
1069 1899 1543 1980 episcoporum
1575 1899 1770 1979 regni
1800 1898 2289 1978 intercedente,
2315 1922 2612 1971 mutu-ung.

412 2019 543 2062 rex
576 1997 960 2080 Anglorum
1003 1997 1392 2080 Stephanus
1436 2005 1506 2060 et
1548 1997 1692 2061 dux
1731 1997 2290 2065 Normannorum

418 2098 772 2162 Henricus
809 2090 1019 2177 ¹apud
1054 2095 1531 2178 walingeford
1575 2097 1649 2160 in
1694 2097 1899 2161 talem
1938 2101 2289 2165 concordi-

421 2218 538 2262 am
576 2201 1076 2276 convenerunt3
1131 2195 1293 2260 Rex
1338 2195 1752 2278 Stephanus,
1801 2198 1983 2261 omni
2025 2198 2292 2263 haerede

422 2296 749 2363 viduatus
797 2302 1047 2377 praeter
1112 2295 1537 2359 solummodo
1593 2295 1838 2360 ducem
1892 2295 2293 2375 Henricum,

422 2393 826 2479 recognovit
867 2394 939 2457 in
982 2402 1322 2458 conventu
1366 2394 1840 2477 episcoporum
1891 2403 1962 2460 et
2006 2397 2296 2462 aliorum

423 2496 620 2579 regni
686 2493 1092 2577 optimatum
1146 2494 1268 2577 jus
1331 2494 1841 2560 haereditarium
1910 2497 2095 2579 quod
2150 2497 2294 2561 dux

422 2595 772 2660 Hem-icus
814 2594 889 2657 in
917 2613 1207 2676 regnum
1242 2592 1517 2676 Angliae
1560 2594 1880 2673 habebat,
1909 2603 1980 2660 et
2013 2597 2156 2660 dux
2185 2599 2296 2661 be-

425 2697 634 2777 nigne
677 2693 1040 2771 concessit,
1074 2701 1153 2757 ut
1196 2714 1321 2758 rex
1365 2693 1752 2777 Stephanus
1785 2703 1933 2759 tota
1964 2695 2109 2761 vita
2139 2716 2293 2775 sua,

418 2796 489 2860 si
521 2795 747 2871 vellet,
785 2813 1074 2876 regnum
1110 2794 1391 2876 pacifice
1432 2794 1834 2876 possideret.
1900 2795 2018 2859 Ita
2062 2804 2293 2863 tamen

424 2894 906 2961 confirmatum
932 2901 1040 2959 est
1060 2900 1362 2976 pactum,
1385 2894 1567 2976 quod
1595 2894 1742 2977 ipse
1759 2914 1884 2960 rex
1902 2903 1973 2961 et
1993 2897 2296 2982 episcopi

423 3004 597 3061 tunc
649 3001 1047 3077 praesenteS,
1084 3013 1240 3058 cum
1288 2994 1557 3058 caeteris
1595 2996 2043 3076 optimatibus
2076 2999 2298 3079 regni,

414 3096 765 3180 jurarent,
805 3092 987 3175 quod
1035 3093 1179 3156 dux
1222 3101 1382 3175 post
1427 3100 1716 3159 mortem
1760 3097 1969 3177 regis,
2000 3097 2060 3160 si
2107 3097 2299 3161 illum

420 3193 925 3277 superviveret,
972 3211 1256 3274 reg-num
1299 3193 1447 3256 sine
1493 3194 2031 3260 contradictione
2068 3197 2303 3279 aliqua

421 3295 773 3360 obtineret
797 3312 816 3372 ;
860 3284 886 3322 ²
895 3298 964 3355 et
991 3291 1090 3355 sic
1118 3311 1299 3355 nunc
1328 3292 1497 3356 illud
1527 3293 1997 3376 propheticum
2028 3295 2303 3361 Merlini

420 3394 855 3469 attendatur,
873 3391 1054 3473 quod
1083 3391 1272 3468 dicit,
1295 3385 1351 3427 ³‘
1367 3391 1666 3457 Nocebit
1693 3394 2094 3476 possidenti,
2121 3396 2302 3478 quod

419 3513 523 3558 ex
568 3492 796 3575 impiis
837 3492 1083 3573 pietas,
1127 3491 1346 3556 donec
1397 3511 1549 3557 sese
1597 3494 1908 3574 genitore
1944 3495 2239 3560 induerit
2262 3493 2302 3575 ς’

418 3591 873 3658 manifestum
924 3598 1029 3654 est
1062 3611 1292 3673 regem
1327 3591 1754 3674 Stephanum
1794 3592 2172 3658 Henricum
2203 3596 2300 3658 in-

416 3693 661 3757 duisse
711 3689 1072 3766 haeredem,
1119 3709 1322 3772 quem
1371 3709 1508 3755 non
1563 3692 1826 3773 genuit,
1872 3694 2033 3757 dum
2079 3695 2303 3777 ipsum

414 3791 790 3875 adoptavit
825 3790 899 3853 in
948 3788 1163 3852 filium
1204 3797 1275 3854 et
1312 3791 1507 3872 regni
1553 3792 1979 3875 participem,
2011 3799 2082 3857 et
2120 3800 2305 3876 post-

416 3892 711 3956 modum
738 3908 1244 3968 successorem;
1290 3890 1363 3953 in
1411 3909 1573 3972 rege
1614 3911 1889 3975 quoque
1926 3894 2192 3970 ducem,
2236 3900 2307 3956 et

492 4132 512 4164 ¹
536 4132 695 4197 Apud
722 4129 1113 4193 Walingdordq
1143 4129 1251 4178 The
1272 4127 1347 4175 in·
1392 4143 1458 4177 on
1479 4128 1563 4178 the
1579 4127 1665 4177 ''Ith
1690 4128 1994 4179 November.
2038 4130 2146 4180 The
2167 4131 2312 4180 char-

414 4206 641 4255 tei-view
662 4207 717 4252 at
734 4199 1086 4262 Wallingford‚
1106 4204 1158 4248 nt
1178 4197 1346 4248 which
1392 4202 1471 4247 ter
1509 4198 1557 4249 is
1592 4198 1795 4261 printed
1827 4200 1897 4260 by
1941 4199 2146 4263 Rymer,
2185 4202 2222 4251 i.
2259 4216 2311 4262 p.

417 4277 547 4337 only
596 4288 632 4322 a
668 4272 916 4321 cessation
958 4269 1016 4318 os
1057 4283 1191 4318 arms
1240 4281 1349 4317 was
1397 4271 1478 4318 13.

418 4343 914 4408 agreedupon,was
934 4339 1052 4389 held
1074 4337 1242 4388 before
1264 4337 1349 4386 the
1467 4334 1489 4365 ²
1508 4340 1580 4388 Et
1608 4338 1680 4387 eie
1717 4331 1889 4407 nunc]
1919 4339 1935 4366 ‘
1956 4339 2024 4389 Et
2061 4340 2106 4390 si
2146 4338 2316 4400 nunc‚’

421 4414 590 4464 death
630 4411 689 4461 os
720 4410 904 4459 Prince
937 4410 1175 4460 Eustace.
1241 4407 1350 4456 The
1397 4408 1514 4456 MS.

420 4483 655 4544 oeuncil,
690 4486 745 4530 at
776 4479 944 4529 which
983 4479 1067 4529 the
1106 4482 1265 4540 treaty
1300 4476 1359 4526 of
1465 4474 1488 4507 ⁸
1506 4477 1759 4541 Nocebit.]
1794 4478 2038 4539 Compare
2062 4479 2146 4528 the
2169 4478 2321 4524 inter·

424 4568 597 4616 peace
640 4551 756 4600 here
801 4550 1039 4599 recorded
1082 4564 1191 4598 was
1235 4563 1352 4597 con-
1400 4548 1646 4608 pretation
1678 4546 1737 4595 of
1770 4547 1967 4596 Alanus
2003 4550 2068 4597 de
2113 4545 2320 4604 Insulis,

423 4621 645 4683 cluded‚
675 4635 783 4669 was
811 4619 930 4668 held
960 4625 1013 4668 at
1045 4618 1356 4667 winchester
1401 4632 1454 4678 p.
1477 4620 1558 4665 9⁴.
