3457 5887
1149 782 1280 846 352
1652 794 1919 843 uocum
1967 795 2060 841 nu
2107 794 2519 843 wanovmz
2619 760 2624 764 ⁶

830 967 944 1008 A-n·
966 968 1077 1008 ¹¹⁷0.
1153 957 1520 1033 gustantur
1574 957 1644 1015 et
1699 950 2094 1015 cruciantur
2137 956 2209 1014 et
2255 949 2343 1013 ad
2376 949 2710 1014 inferiora
2747 950 3030 1014 misera·

831 1018 881 1107 {1⁸
885 1018 1063 1109 ‘aas
1151 1051 1378 1115 biliter
1410 1050 1903 1133 deprimuntur.
2011 1048 2245 1114 Hodie
2301 1069 2466 1114 vero
2510 1051 2835 1133 conspexi
2877 1050 3030 1113 ani-

1149 1170 1330 1214 mam
1361 1150 1717 1234 cujusdam
1737 1149 1914 1233 justi
1947 1149 2230 1213 liberam
2256 1150 2689 1214 transvolare
2715 1169 2835 1232 per
2853 1169 3028 1227 eam,

1147 1257 1217 1315 et
1263 1251 1417 1314 ideo
1446 1268 1603 1313 cum
1646 1249 1912 1331 augelis
1955 1267 2106 1312 eam
2146 1248 2608 1314 deferentibus
2662 1249 2846 1332 coepi
2889 1268 3028 1331 prae

1145 1349 1399 1432 gaudio
1432 1357 1739 1427 cantare,
1765 1347 1947 1432 quod
1976 1355 2048 1412 et
2082 1356 2153 1412 tu
2185 1348 2533 1414 admirans
2563 1348 2863 1414 audisti!

1299 1522 1585 1598 Qualiter
1610 1531 1862 1588 sanctus
1889 1522 2118 1686 Pateor-{crs
2145 1520 2309 1585 beato
2341 1521 2606 1587 Godrico
2637 1522 2884 1586 missam

1922 1643 1984 1686 ce
2109 1620 2260 1685 avit.

1247 1746 1632 1811 Monachus
1691 1745 1873 1810 idem
1932 1746 2180 1810 iterum
2240 1744 2405 1809 illuc
2468 1763 2780 1809 reversus
2837 1763 3022 1827 quae-

1144 1846 1306 1912 sivit
1345 1847 1432 1910 ab
1472 1846 1743 1909 homine
1783 1845 1941 1922 Dei,
1981 1846 2042 1909 si
2084 1864 2289 1909 unam
2333 1843 2618 1907 missam
2650 1844 2845 1908 vellet
2889 1864 3015 1908 au-

1144 1945 1313 2023 dire,
1354 1945 1472 2029 qui
1515 1945 1892 2029 respondit,
1937 1949 1960 1979 ‘
1989 1944 2221 2009 Hodie
2267 1945 2352 2008 de
2400 1951 2649 2008 sancta
2688 1944 3012 2008 Trinitate

1144 2045 1425 2109 missam
1452 2045 1708 2123 audivi,
1739 2052 1811 2108 et
1841 2045 2379 2109 communionem
2407 2044 2495 2107 de
2522 2063 2733 2107 mauu
2761 2044 2889 2106 viri
2914 2064 3024 2106 cu·

1139 2144 1418 2228 jusdam
1475 2143 1822 2210 candidati
1884 2145 2179 2227 suscepi,
2221 2144 2341 2227 qui
2393 2143 2480 2207 de
2525 2144 2698 2209 caelo
2750 2143 3024 2207 descen-

1147 2244 1344 2308 dens·
1375 2246 1623 2309 iterum
1665 2244 1739 2308 iu
1798 2244 2041 2308 caelum
2105 2243 2437 2320 ascendit,
2490 2250 2563 2306 et
2616 2251 2697 2309 ut
2746 2251 3025 2325 peccata

1146 2343 1506 2409 confiterer
1558 2343 1934 2420 admonuit,
1976 2351 2047 2407 et
2091 2342 2175 2406 de
2216 2344 2386 2407 meis
2442 2343 2839 2407 excessibus
2883 2342 3025 2405 dixi

1150 2442 1216 2507 ei
1266 2444 1590 2527 quicquid
1641 2443 1808 2508 mihi
1852 2443 2189 2522 occurrit3
2238 2444 2340 2507 sic
2381 2450 2602 2506 autem
2659 2443 3024 2507 absolutus

1148 2543 1234 2608 ab
1278 2543 1398 2613 illo
1442 2542 1926 2608 eucharistiam
1969 2542 2054 2606 de
2099 2562 2306 2607 manu
2368 2543 2570 2625 ipsius
2620 2549 3021 2606 reverenter

1145 2641 1462 2725 percepi3
1519 2641 1740 2706 officio
1791 2661 2063 2725 quoque
2123 2650 2424 2725 peracto,
2474 2641 2749 2706 elevatis
2795 2641 3016 2704 mani-

1145 2742 1271 2804 bus
1306 2748 1412 2806 est
1443 2743 1752 2808 elevatus
1782 2741 1855 2805 iu
1887 2742 2149 2806 caelum.
2196 2741 2578 2824 Laudasne,
2600 2741 2721 2818 fili,
2744 2747 2826 2804 ut
2847 2749 3015 2823 post

1144 2839 1293 2905 haec
1328 2861 1373 2905 a
1402 2850 1472 2905 te
1500 2842 1705 2906 modo
1735 2840 2160 2925 disciplinam
2194 2841 2301 2907 vel
2333 2841 2873 2905 communionem
2903 2858 3020 2903 ac-

1146 2940 1391 3024 cipiam
1416 2940 1477 3006 ‘l'
1551 2941 1644 3006 Et
1681 2941 1797 3006 ille
1830 2940 2205 3024 respondit,
2234 2940 2415 3025 quod
2455 2940 2588 3005 hoc
2628 2940 2856 3005 facere
2887 2959 3020 3004 non

1147 3041 1452 3120 auderet,
1496 3041 1613 3106 sed
1658 3041 1981 3124 quaesivit
2018 3043 2105 3105 ab
2141 3061 2246 3119 eo,
2284 3043 2440 3123 quis
2472 3048 2874 3106 sanctorum
2913 3040 3022 3104 ille

1144 3141 1426 3221 fuisset3
1486 3148 1556 3206 et
1603 3140 1711 3208 vir
1772 3140 1906 3204 Dei
1959 3141 2160 3219 dixit,
2221 3140 2401 3206 hunc
2466 3141 2682 3205 fuisse
2739 3139 3016 3204 Petrum

1146 3242 1556 3323 apostolum,
1600 3240 1717 3323 qui
1765 3240 2014 3307 missus
2057 3241 2281 3305 fuerat
2335 3260 2379 3305 a
2423 3241 2749 3316 Domino,
2790 3248 2871 3303 ut
2912 3241 3013 3322 ip-

1143 3359 1296 3405 sum
1340 3341 1726 3408 absolveret
1759 3357 1803 3402 a
1831 3341 2174 3422 peccatis;
2221 3345 2242 3374 ‘
2272 3340 2383 3404 Tu
2406 3339 2742 3417 missam,'
2773 3340 3014 3424 inquit,

1145 3444 1166 3484 ἕ
1189 3439 1261 3503 in
1294 3439 1616 3504 honorem
1646 3439 1868 3504 beatae
1901 3440 2187 3522 virginis
2219 3440 2585 3518 celebrato,
2618 3448 2703 3504 ut
2731 3440 2886 3524 ejus
2914 3441 3014 3502 in-

1143 3546 1459 3604 terventu
1507 3539 1759 3604 Filium
1803 3539 2020 3621 ipsius
2063 3539 2311 3603 habere
2349 3540 2723 3623 propitium
2762 3558 3019 3602 merea-

1141 3638 1338 3716 mur,’
1369 3644 1439 3702 et
1481 3637 1855 3703 monachus
1901 3639 2274 3704 Dominum
2315 3639 2607 3704 laudans
2645 3639 2846 3705 laetus
2884 3657 3011 3720 pa-

1140 3738 1278 3802 ruit
1306 3737 1694 3821 imperanti.

1241 3906 1798 3982 Qualiter—sanctus
1830 3910 2911 3997 Godae‘iousperorationoeetmois

1466 4008 1708 4093 εἱφηιηι
1723 4009 1872 4094 suit
1899 4031 1943 4074 a
1973 4008 2337 4075 dmonibm
2365 4011 2680 4076 liberatus.

1269 4129 1564 4196 Sanctus
1621 4132 1953 4198 heremita
2005 4143 2082 4204 et,
2133 4136 2391 4200 amicus
2457 4136 2592 4202 Dei
2651 4134 3014 4210 Gom-icus,

1141 4249 1296 4294 cum
1324 4249 1540 4296 annos
1575 4233 2034 4316 quadraginta
2061 4234 2132 4298 in
2167 4235 2440 4299 heremo
2471 4233 2652 4318 apud
2693 4231 3010 4298 Finchale

1139 4338 1413 4397 strenue
1456 4332 1854 4415 peregisset,
1896 4335 2134 4398 morbo
2177 4334 2525 4401 confectus
2576 4342 2648 4398 et
2692 4335 2877 4398 senio
2919 4331 3005 4395 ad

1140 4433 1518 4498 transitum·
1557 4433 2084 4515 propinquabat,
2129 4452 2286 4497 nam
2336 4454 2459 4516 per
2505 4441 2662 4498 octo
2706 4433 2848 4497 fere
2890 4451 3008 4496 an-

1138 4548 1261 4593 nos
1304 4531 1375 4594 in
1425 4531 1602 4596 lecto
1647 4532 2017 4613 languidus
2060 4533 2497 4609 decubuerat,
2541 4552 2667 4597 nec
2713 4550 3007 4616 unquam
