3457 5887
1223 772 1355 838 354
1738 788 2005 838 ιιοοιιιιι
2051 789 2146 837 ns
2189 787 2602 839 wmmovsn

901 975 954 1014 Α.
958 971 1012 1012 n.
1035 973 1144 1015 117⁰.
1224 948 1470 1014 hannis
1494 950 1860 1035 Baptistae,
1882 949 2082 1036 cujus
2111 948 2551 1034 sepulchrum
2577 967 2790 1033 usque
2815 948 2883 1013 in
2907 948 3099 1014 diem

901 1024 1032 1064 Lisso

903 1074 945 1113 s.
966 1074 1129 1114 omne„
1227 1050 1628 1116 hodiernum
1661 1058 1979 1116 coruscat
2011 1049 2358 1115 miraculis
2389 1049 2781 1133 gloriosum.

1519 1242 1619 1307 Do
1649 1240 2031 1309 coronatione
2060 1262 2224 1328 rayno
2252 1240 2523 1306 Hom-ici
2532 1240 2807 1326 junonia.

1323 1364 1584 1430 Eodem
1622 1372 1953 1449 tempore,
1992 1364 2062 1429 id
2108 1372 2214 1430 est
2257 1383 2439 1428 anno
2484 1363 2771 1429 Domini
2817 1380 3097 1430 ncLXX.

1221 1462 1446 1530 idibus
1466 1465 1515 1529 J
1519 1465 1664 1544 ulii,
1691 1471 2160 1531 convenerunt
2191 1464 2279 1528 ad
2313 1463 2716 1528 mandatum
2746 1465 2929 1548 regis
2957 1466 3100 1530 An-

1220 1564 1486 1647 glorum
1539 1564 1828 1629 Henrici
1887 1565 2071 1648 apud
2114 1564 2808 1629 Westmonasterium
2867 1564 3098 1646 Roge-

1218 1684 1360 1743 rus,
1393 1664 1850 1730 Eboracensis
1884 1663 2458 1748 archiepiscopuS‚
2489 1670 2564 1727 et
2590 1683 2824 1728 omnes
2855 1663 3098 1728 stiffi-a-

1218 1765 1422 1845 ganei
1463 1764 1982 1830 cantuariensis
2025 1763 2330 1828 ecclesiae
2376 1762 2708 1846 episcopi,
2743 1763 2828 1827 ad
2867 1756 3090 1828 ¹coro-

1218 1864 1565 1929 nationem
1603 1863 1896 1951 Henrici
1932 1863 2055 1927 filii
2089 1863 2269 1945 regis
2306 1862 2768 1945 primogeniti,
2799 1863 2936 1945 qui,
2966 1883 3086 1947 pa-

1218 1969 1323 2027 tre
1364 1962 1670 2048 jubente,
1710 1967 2081 2027 coronatus
2125 1968 2234 2027 est
2269 1961 2671 2026 solemniter
2709 1980 2753 2025 a
2795 1961 3088 2045 Rogero,

1218 2062 1638 2128 Eboracensi
1682 2061 2221 2145 archiepiscopo,
2263 2068 2514 2143 quarto
2557 2060 2822 2126 decimo
2867 2061 3090 2127 kalen-

1217 2161 1345 2227 das
1372 2161 1419 2226 J
1424 2162 1570 2242 ulu
1597 2169 1839 2226 contra
1856 2154 2412 2246 'prohibitionem
2441 2160 2703 2225 domini
2728 2181 2954 2245 μορε,
2981 2164 3088 2277 qui

1218 2260 1455 2326 literas
1495 2261 1629 2346 ipsi
1671 2261 2182 2345 archiepiscopo
2216 2267 2288 2324 et
2319 2260 2477 2324 aliis
2518 2261 2864 2344 episcopis
2907 2263 3088 2344 regni

1219 2362 1290 2424 in
1318 2361 1466 2426 haec
1494 2362 1705 2427 verba
1724 2360 2010 2441 direxit3
2045 2359 2542 2425 ‘Universitati
2568 2368 2821 2425 vestrae
2852 2370 3088 2427 aucto·

1215 2462 1421 2526 ritate
1452 2460 1835 2545 apostolica
1865 2460 2140 2545 penitus
2171 2458 2567 2539 inhibemus,
2597 2480 2685 2524 ne
2715 2460 3085 2544 quisquam

1214 2567 1519 2625 vestrum
1548 2580 1728 2625 novo
1751 2561 1897 2644 regi
1919 2558 2335 2637 coronando,
2362 2559 2420 2623 si
2444 2558 2609 2624 forte
2632 2579 2834 2624 casus
2863 2580 3083 2624 emer-

1212 2660 1401 2737 serit,
1435 2660 1697 2742 absque
1728 2679 2014 2725 assensu
2044 2658 2554 2724 Cantuariensis
2586 2659 3081 2743 archiepiscopi

1209 2766 1280 2823 et
1310 2759 1618 2825 ecclesiae
1650 2758 2173 2825 Cantuariensis
2203 2758 2656 2838 conniventia,
2684 2766 2926 2824 contra
2954 2779 3084 2824 an-

1209 2859 1475 2942 tiquam
1525 2860 1675 2945 ejus
1723 2857 2285 2925 consuetudinem
2326 2865 2400 2923 et
2448 2858 2882 2941 dignitatem,
2935 2879 3083 2924 ma-

1208 2979 1374 3024 num
1410 2980 1755 3043 apponere
1795 2960 2101 3044 qualibet
2147 2959 2507 3024 occasione
2546 2968 2927 3042 praesumat
2969 2969 3084 3026 ant

1207 3059 1279 3122 id
1314 3060 1750 3143 aliquatenus
1794 3066 2136 3126 attentare
2154 3056 2194 3140 3'
2237 3058 2357 3123 sed
2393 3057 2545 3124 haec
2577 3060 2861 3139 flustra,
2903 3061 3082 3144 quia,

1209 3166 1578 3243 antequam
1633 3161 1853 3225 literae
1905 3166 2137 3226 essent
2193 3159 2671 3244 promulgatae,
2729 3161 3077 3243 negotium

1205 3258 1433 3324 fuerat
1473 3267 2041 3325 consummatum.
2123 3258 2216 3323 Et
2251 3277 2377 3324 rex
2419 3259 2658 3324 statim
2689 3268 2855 3343 post
2895 3281 3078 3325 coro·

1206 3360 1551 3423 nationem
1583 3359 1705 3424 filii
1737 3361 1845 3424 sui
1879 3378 2065 3424 mare
2096 3358 2431 3423 transiens
2462 3360 2792 3425 convenit
2821 3361 2913 3424 ad
2945 3360 3073 3424 col-

1203 3456 1509 3540 loquium
1537 3459 2028 3543 archiepiscopi
2050 3451 2614 3523 cantuariensis⁸
2625 3459 2814 3542 apud
2847 3460 3073 3524 Munt·

1204 3542 1452 3635 mirail,
1477 3560 1592 3624 ubi
1625 3578 1929 3643 praesens
1965 3566 2115 3624 erat
2149 3578 2272 3623 rex
2310 3558 2784 3640 Francorum3
2820 3567 2892 3624 et
2913 3567 3067 3643 post

1201 3655 1539 3722 diutinum
1578 3658 1663 3724 de
1705 3678 1876 3743 pace
1914 3663 2287 3724 tractatum
2328 3657 2509 3723 inter
2550 3678 2697 3736 eos,
2731 3679 2880 3723 cum
2914 3679 3067 3742 per-

1200 3763 1482 3820 ventum
1523 3758 1771 3824 fuisset
1815 3758 1902 3825 ad
1945 3759 2275 3835 osculum,
2319 3758 2483 3840 quia
2521 3757 3068 3842 archiepiscopus

1270 3952 3064 4042 ὈΜἩΤγπεΗαῙεῐίεηοίῐΙιεμορφὶῦηἰνεμ

1196 4034 1393 4090 mongst
1421 4028 1565 4078 other
1598 4045 1824 4093 reasons,
1854 4031 1946 4081 has
1988 4045 2107 4093 sup·
2156 4029 2286 4089 xlii:
2306 4029 2396 4079 lib.
2411 4045 2460 4079 v.
2481 4044 2564 4092 ep.
2583 4031 2763 4082 mir.

1194 4097 1352 4181 posed
1370 4097 1480 4148 that
1500 4099 1679 4162 Hem-y
1698 4115 1808 4150 was
1828 4101 2107 4151 influenced
2222 4096 2404 4162 'Apud
2434 4099 2764 4150 Mantua-nil.
2850 4101 2956 4150 ’Πιε
2995 4100 3064 4149 in-

1193 4169 1247 4216 in
1280 4169 1478 4230 coming
1509 4173 1561 4219 to
1591 4170 1692 4220 this
1727 4171 2104 4221 determination
2154 4170 2361 4218 ten-view
2392 4173 2446 4218 at
2473 4169 2765 4219 Monmirail
2856 4172 2892 4220 d
2919 4171 3063 4220 taken

1192 4238 1261 4299 by
1298 4238 1384 4288 the
1426 4241 1656 4302 example
1693 4240 1756 4290 of
1783 4241 1868 4291 the
1909 4241 2103 4291 French
2154 4240 2298 4301 place
2317 4239 2482 4288 before
2502 4238 2586 4289 the
2608 4242 2894 4290 coronation
2912 4241 2971 4290 of
2984 4241 3064 4290 the

1188 4307 1362 4371 kings,
1378 4310 1565 4360 Robert
1582 4311 1683 4360 and
1702 4311 1857 4361 taonis
1876 4310 1924 4361 le
1942 4311 2102 4372 Gros;
2152 4309 2342 4372 prince,
2357 4309 2624 4371 according
2639 4315 2694 4358 to
2710 4310 2952 4372 Gerrase,
2969 4311 3062 4360 001.

1185 4379 1241 4429 ii.
1265 4394 1317 4441 p.
1341 4384 1453 4431 856.
2156 4382 2299 4429 14⁰⁷.
2371 4379 2440 4428 So
2471 4379 2580 4428 also
2611 4379 2988 4443 Pia-Stephana,
3012 4396 3063 4441 p.

2219 4448 2388 4499 .'1·he
2412 4453 2519 4499 text
2540 4449 2740 4500 follows
2756 4451 2957 4514 Hiceta,
2971 4452 3064 4500 col.

1256 4509 1721 4584 'Prohibitimmq
1747 4517 1993 4579 Compare
2014 4516 2099 4568 the
2151 4522 2262 4568 552.
