3457 5887
905 977 1013 1018 AJ).
1036 979 1146 1018 1099.

904 1029 1076 1077 mutos-y
1094 1029 1143 1067 or

904 1079 1198 1121 thecmnden.

919 2599 1012 2638 The
1028 2598 1173 2638 march

914 2648 1165 2739 afm-

1219 791 1349 857 130
1726 806 1994 855 nocam
2043 805 2136 853 nn
2181 805 2591 855 wunnovnn

1224 962 1533 1028 kalendis
1596 962 1873 1027 Martiis
1930 962 2017 1026 ad
2081 962 2489 1026 Laodiceam
2539 961 2758 1044 Syriae
2808 980 2960 1024 cum
2993 960 3091 1025 vi-

1226 1064 1401 1145 ginti
1433 1064 1734 1147 quinque
1776 1063 2075 1126 millibus
2114 1070 2532 1126 armatorum
2561 1062 2865 1124 virorum
2907 1060 3093 1124 forti-

1227 1183 1341 1226 um
1385 1170 1886 1247 pervenerunt;
1933 1163 2053 1226 ubi
2086 1162 2242 1225 dux·
2266 1160 2685 1225 Godefridus
2728 1179 2773 1224 a
2812 1159 3095 1242 praeside

1226 1263 1551 1341 civitatiS,
1571 1282 1726 1345 quae
1748 1261 2175 1327 Christianos
2191 1260 2433 1325 habuit
2452 1260 2901 1337 habitatores,
2919 1257 3101 1323 Gue-

1226 1382 1569 1427 nemerum
1600 1362 2107 1438 Boloniensem,
2140 1380 2343 1443 quem
2376 1361 2653 1425 tenebat
2686 1360 2756 1423 in
2789 1359 3098 1436 vinculis,

1227 1462 1358 1526 sibi
1386 1462 1586 1545 petiit
1615 1461 1910 1539 restitui,
1938 1461 2085 1538 sed,
2116 1461 2280 1542 quia
2314 1461 2539 1524 verbis
2573 1460 2768 1524 ducis
2798 1479 2936 1524 non
2958 1459 3101 1522 ausi

1230 1569 1391 1625 sunt
1423 1562 1794 1639 contraire,
1835 1560 2130 1626 reddidit
2173 1580 2331 1625 eum
2366 1559 2468 1622 illi
2501 1578 2654 1623 cum
2700 1558 2909 1622 sociis
2953 1559 3101 1621 uni-

1231 1661 1471 1738 versis,
1523 1669 1592 1726 et
1642 1662 1930 1725 classem
1982 1660 2133 1745 ejus
2174 1667 2395 1725 totam
2431 1659 2591 1723 duci
2642 1657 3100 1735 tradiderunt;

1232 1779 1391 1824 nam
1424 1760 1603 1826 idem
1634 1759 2132 1837 Guenemerus,
2175 1778 2376 1824 cruce
2426 1759 2763 1840 signatus,
2799 1777 2960 1820 cum
3002 1776 3106 1819 ar-

1230 1867 1567 1924 matorum
1627 1861 1849 1925 classe
1906 1860 2135 1924 valida
2193 1859 2357 1923 illue
2413 1858 2794 1941 applicans,
2853 1858 3105 1952 impru-

1232 1960 1469 2024 denter
1530 1967 1775 2043 captus
1830 1960 1924 2024 ibi
1994 1958 2222 2025 fuerat
2273 1978 2318 2023 a
2370 1958 2632 2022 civibus
2693 1965 2763 2022 et
2819 1957 3106 2020 vinculis

1233 2060 1714 2143 mancipatus;
1789 2059 1983 2125 illum
2040 2059 2184 2123 dux
2245 2077 2391 2122 suae
2457 2057 2663 2121 classi
2727 2055 3108 2139 praeficiens

1231 2159 1403 2224 alios
1437 2179 1561 2243 per
1593 2167 1848 2224 terram
1879 2158 2271 2241 gradientes
2300 2157 2495 2240 sequi
2525 2157 2880 2240 praecepit.

1270 2330 1568 2410 Quomodo
1582 2330 1928 2417 prinmpes,
1956 2331 2169 2397 multis
2200 2329 2541 2417 reqionibus
2567 2331 2971 2409 transcursis,
3002 2330 3092 2396 ad

1802 2430 2107 2516 Tripolim
2120 2440 2548 2517 perveneram.

1339 2554 1695 2638 Principes
1759 2554 1918 2620 inde
1977 2557 2322 2621 maritima
2372 2556 2679 2638 legentes
2728 2555 2817 2620 ad
2873 2556 3110 2621 urbem

1242 2653 1728 2732 Gabulensem,
1794 2674 1951 2739 quae
2010 2656 2149 2720 alio
2213 2656 2485 2720 nomine
2541 2654 2885 2719 Gibellum
2933 2655 3106 2719 dici·

1239 2762 1377 2831 tur,
1395 2763 1894 2837 pervenerunt3
1932 2755 2238 2820 distabat
2265 2763 2495 2819 autem
2524 2774 2569 2818 a
2590 2755 2934 2819 Laodicea
2964 2755 3117 2818 mil-

1237 2854 1521 2918 liaribus
1576 2856 1778 2937 quasi
1826 2853 2205 2932 duodecim,
2267 2855 2409 2933 ubi,
2460 2855 2707 2919 castris
2744 2856 2817 2919 in
2873 2875 3116 2937 gyrum

1239 2954 1507 3033 locatis,
1531 2956 1764 3019 urbem
1797 2956 2216 3039 aliquamdiu
2245 2956 2692 3020 obsedissent.
2776 2950 2985 3034 ¹Hic,
3007 2956 3119 3039 qui

1244 3054 1396 3119 urbi
1439 3063 1758 3138 praeerat,
1807 3054 2089 3120 Soldani
2133 3056 2616 3139 AEgyptiorum
2662 3055 2924 3120 domini
2968 3076 3123 3139 pro-

1243 3162 1541 3231 curator,
1586 3174 1944 3219 aureorum
1996 3175 2122 3220 sex
2170 3155 2386 3219 millia
2444 3156 2603 3219 duci
2649 3155 2927 3232 obtulit,
2969 3175 3119 3219 cum

1246 3254 1401 3317 aliis
1451 3255 1754 3319 donariis
1800 3255 2059 3332 multis,
2110 3256 2212 3319 ita
2247 3262 2329 3319 ut
2374 3255 2792 3320 obsidionem
2844 3274 3120 3319 amove-

1248 3360 1387 3432 ret3
1431 3372 1632 3436 quem
1664 3373 1818 3418 cum
1847 3354 2120 3419 flectere
2161 3355 2606 3436 nequivisset,
2643 3348 2767 3418 ²ad
2806 3355 3120 3420 comitem

1248 3452 1719 3516 Tholosanum
1760 3454 2156 3536 praedictam
2216 3455 2575 3537 pecuniam
2618 3455 2958 3538 pollicens
2999 3474 3120 3537 per

1253 3551 1734 3629 internuntios,
1811 3552 1872 3615 si
1934 3573 2084 3618 eam
2148 3573 2193 3618 a
2250 3553 2444 3617 ducis
2506 3562 2741 3637 posset
2802 3555 3123 3618 manibus

1254 3650 1599 3732 expedire,
1652 3652 1793 3728 ille,
1853 3652 2091 3718 oblata
2159 3653 2335 3717 clam
2405 3661 2728 3736 suscepta
2805 3656 3122 3737 pecunia,

1255 3750 1442 3814 misit
1501 3750 1588 3814 ad
1641 3751 1880 3815 ducem
1920 3751 2393 3818 Albariensem
2442 3754 2862 3836 episcopum,
2917 3755 3127 3819 anxie

1254 3850 1635 3915 sollicitans
1670 3871 1852 3929 eum,
1891 3859 1970 3916 ut
2007 3852 2290 3916 dimissa
2336 3852 2687 3917 obsidione
2731 3853 2819 3917 ad
2866 3874 2944 3918 se
2991 3874 3127 3919 non

1254 3949 1522 4015 differat
1553 3970 1945 4034 properare,
1976 3952 2372 4033 significans
2403 3952 2586 4035 quod
2618 3953 2919 4017 hostium
2955 3953 3128 4017 mul-

1253 4049 1477 4115 titudo
1532 4069 1576 4114 a
1628 4059 1856 4115 tractu
1920 4051 2273 4116 adveniret
2337 4051 2643 4130 Persico,
2695 4061 2775 4117 ut
2836 4053 3129 4137 injurias

1250 4151 1471 4214 ultum
1510 4151 1665 4228 iret,
1709 4171 1882 4234 quas
1922 4151 2105 4234 apud
2139 4149 2582 4216 Antiochiam
2626 4172 2955 4235 perpessa
2985 4153 3128 4217 fue—

1324 4315 1527 4389 ιΒία]
1562 4321 1623 4369 In
1648 4321 1763 4369 MS.
1785 4321 1801 4348 ‘
1827 4320 1947 4367 Hiis
1969 4315 2011 4379 ;'
2051 4335 2165 4381 pro-
2211 4321 2500 4369 accusation
2543 4321 2742 4381 against
2771 4320 2856 4369 the
2890 4326 3043 4369 count
3078 4321 3139 4370 of

1250 4393 1400 4455 bably
1417 4393 1493 4442 sor
1512 4396 1528 4419 ‘
1545 4386 1632 4448 Is:
1650 4405 1707 4439 as
1722 4391 1776 4438 in
1797 4389 1938 4439 will.
1958 4390 2078 4451 Tyr.
2112 4404 2166 4452 p.
2211 4389 2460 4439 Tholouse
2493 4404 2551 4439 as
2571 4390 2908 4450 calumnious;
2941 4406 2995 4452 p.
3021 4396 3134 4440 162.

1249 4467 1361 4513 738.
2211 4459 2317 4508 The
2350 4465 2452 4507 rest
2472 4460 2530 4509 of
2544 4460 2627 4508 the
2661 4460 2808 4508 Latin
2843 4460 3133 4520 historiam,

1316 4529 1340 4563 ²
1370 4533 1450 4581 Aa
1516 4528 1732 4579 comitem
1791 4528 2118 4578 Tholosanum.
2143 4529 2165 4591 ]
2212 4535 2393 4591 except
2414 4529 2609 4592 Albert,
2630 4528 2709 4596 (p.
2731 4528 2869 4595 2690
2890 4532 3016 4579 omit
3047 4531 3134 4579 the

1250 4602 1510 4665 Raymond
1532 4600 1765 4663 d'Agiles
1786 4599 2041 4649 considers
2064 4599 2164 4648 this
2209 4600 2411 4661 charge.
