3457 5887
876 850 1150 899 nonas
1193 850 1719 899 uisi-ommuni.
2101 836 2233 901 2⁴79

358 1013 655 1070 mantem
690 1013 761 1070 et
788 1006 1150 1083 dicentem,
1195 1006 1453 1071 ‘Serve
1482 1007 1639 1085 Dei,
1675 1027 1998 1073 succurre
2035 1008 2225 1086 mihi,
2248 1023 2404 1114 ffl‘oe
2381 1025 2493 1065 ¹¹⁵⁴·

357 1125 515 1170 ecce
554 1106 816 1170 invadit
847 1126 957 1169 me
986 1106 1298 1171 immicus
1331 1107 1568 1170 meus?
1668 1107 1963 1172 Sanctus
1996 1117 2225 1173 autem
2248 1126 2294 1165 s
2298 1123 2481 1164 wumv-

356 1204 805 1287 apprehendit
831 1223 1109 1269 manum
1139 1205 1426 1269 hominis
1454 1206 1791 1284 dextram,
1813 1214 1883 1271 et
1913 1207 2224 1272 diabolus

356 1304 708 1368 sinistram
767 1312 1010 1369 tenens
1062 1325 1215 1369 cum
1270 1306 1525 1369 virtute
1585 1305 1925 1383 trahebat,
1975 1314 2068 1384 et,
2126 1308 2225 1372 sic

357 1404 787 1468 trahentibus
820 1404 981 1482 illis,
1020 1405 1127 1468 vir
1160 1405 1439 1468 Domini
1470 1404 1800 1470 Wlfricus
1842 1424 1985 1469 una
2017 1425 2224 1470 manu

355 1505 707 1586 captivum
740 1505 983 1581 tenuit,
1016 1512 1087 1567 et
1124 1504 1342 1569 altera
1379 1524 1584 1587 aqua,
1619 1524 1826 1587 quam
1864 1505 2226 1570 benedixe-

358 1611 495 1682 rat,
525 1612 763 1667 contra
792 1603 1031 1667 faciem
1064 1604 1317 1668 inimici
1358 1623 1733 1688 aspergens
1769 1606 1994 1687 ipsum
2022 1604 2224 1669 valde

353 1703 714 1767 confusum
763 1704 850 1766 ab
885 1701 1144 1766 sedibus
1174 1703 1544 1785 effugavit3
1591 1711 1666 1768 at
1695 1705 1803 1768 vir
1833 1704 1967 1768 Dei
2006 1704 2224 1769 homi-

355 1822 514 1865 nem
543 1802 1058 1867 tremebundum
1090 1803 1175 1866 de
1205 1802 1515 1868 faucibus
1542 1804 1782 1869 mortis
1814 1809 2120 1886 ereptum
2152 1804 2225 1868 iu

353 1901 749 1966 interiorem
798 1902 1040 1966 cellam
1097 1920 1291 1965 suam
1355 1902 1581 1979 duxit,
1630 1910 1871 1967 tenens
1922 1922 2077 1966 eum
2125 1903 2221 1967 ibi

352 2001 577 2065 donec
606 2020 727 2083 per
755 2001 1245 2064 confessionem
1278 2001 1619 2083 poenitens
1649 2002 1767 2066 ille
1797 2004 2008 2079 virus,
2037 2001 2220 2084 quod

356 2099 631 2163 daemon
680 2098 1025 2163 infuderat
1079 2100 1166 2173 ei,
1221 2100 1309 2163 ad
1364 2101 1570 2182 pedes
1617 2102 1840 2165 sancti
1894 2102 2218 2166 evomuit.

362 2197 565 2262 Tunc
604 2197 831 2274 homo,
860 2199 1117 2262 viribus
1151 2200 1542 2281 resumptis,
1577 2218 1825 2282 corpus
1870 2200 2149 2264 Domini
2180 2220 2222 2264 a

368 2304 609 2361 sancto
636 2297 924 2363 Wlfrico
957 2298 1086 2361 sibi
1121 2298 1424 2362 oblatum
1457 2299 1529 2362 in
1555 2299 1782 2381 specie
1810 2300 2037 2363 carnis
2069 2318 2228 2363 con·

367 2397 618 2479 spexit,
654 2405 724 2461 et
760 2397 1243 2479 interrogatuS,
1273 2399 1333 2461 si
1365 2417 1454 2461 ex
1489 2405 1637 2462 toto
1668 2397 1871 2463 corde
1901 2397 2227 2474 crederet,

368 2495 657 2573 ‘,Credo
694 2496 1011 2573 domine,’
1042 2497 1345 2579 inquit,‘
1370 2498 1536 2579 quia
1568 2515 1816 2580 corpus
1848 2504 1918 2561 et
1950 2498 2229 2610 sangui-

369 2615 520 2659 nem
555 2595 833 2659 Domini
874 2596 1007 2659 mei
1045 2597 1116 2659 in
1151 2597 1464 2660 manibus
1497 2598 1635 2661 tuis
1663 2597 1792 2661 sub
1819 2596 2047 2679 specie
2078 2616 2228 2661 car·

367 2696 473 2758 nis
502 2695 700 2759 video
733 2714 864 2776 ego
896 2696 1103 2759 miser
1129 2703 1199 2759 et
1224 2703 1544 2778 peccator
1573 2692 1611 2776 3'
1655 2696 1767 2759 cui
1793 2697 1898 2760 vir
1923 2704 2227 2772 sanctus,

365 2801 385 2829 ‘
408 2794 561 2858 Deo
591 2794 902 2877 gratias,’
933 2795 1157 2877 inquit
1180 2815 1199 2875 ;
1235 2800 1255 2829 ‘
1280 2814 1461 2860 nunc
1492 2795 1694 2859 simul
1721 2814 2013 2873 oremus,
2041 2804 2121 2860 ut
2152 2797 2226 2859 in

367 2895 593 2978 specie
621 2902 949 2960 consueta
975 2893 1145 2958 illud
1187 2895 1534 2978 percipere
1564 2896 1889 2959 merearis
1913 2894 1951 2975 ;’
1995 2894 2228 2978 sicque

366 2995 936 3059 communicatum
974 2993 1315 3058 hominem
1361 3002 1431 3059 et
1472 2996 1546 3059 in
1588 2994 1722 3058 fide
1760 2995 2231 3060 confirmatum

366 3094 624 3157 dimisit
652 3095 720 3157 in
764 3113 956 3177 pace.
1060 3093 1249 3158 Obiit
1292 3102 1521 3158 autem
1557 3096 1817 3160 amicus
1854 3095 1988 3158 Dei
2036 3112 2234 3158 sanc·

369 3200 486 3257 tus
508 3192 836 3258 Wlfricus
865 3188 1146 3257 ¹decimo
1171 3192 1501 3257 kalendas
1530 3194 1795 3271 Martii,
1813 3203 1884 3259 et
1912 3195 1985 3257 in
2006 3201 2236 3257 orato-

369 3293 475 3356 rio
517 3311 642 3358 suo
692 3293 1000 3375 sepultus
1042 3301 1148 3357 est
1189 3294 1371 3376 apud
1417 3292 1941 3374 Heselbergam,
1982 3312 2123 3375 quo
2169 3293 2235 3355 in

370 3392 550 3469 loco,
585 3393 672 3456 ad
701 3392 970 3456 laudem
1015 3391 1148 3456 Dei
1180 3400 1251 3456 et
1279 3393 1567 3473 gloriam
1609 3391 1856 3469 sancti,
1886 3393 2236 3455 innumera

370 3491 549 3556 fiunt
575 3489 904 3556 miracula
933 3510 1152 3574 usque
1180 3493 1255 3555 in
1285 3491 1462 3555 diem
1493 3491 1916 3555 hodiernum.

813 3641 913 3703 Do
932 3638 1283 3725 ymaloqia
1315 3638 1581 3704 Henrioi
1616 3639 1792 3724 reyis.

471 3763 677 3828 Anno
705 3765 988 3829 Domini
1020 3780 1234 3829 MGLV.
1281 3771 1484 3828 natus
1518 3771 1623 3828 est
1667 3756 2091 3827 Londoniis²
2101 3763 2239 3847 pri·
2261 3781 2502 3872 &2213

364 3864 481 3927 die
541 3863 873 3928 kalendas
941 3864 1181 3928 Martii
1244 3863 1574 3939 Henrico,
1623 3882 1804 3927 novo
1852 3862 2238 3945 Anglorum
2262 3882 2476 3931 neuun.

368 3965 545 4046 regi,
585 3984 674 4028 ex
712 3965 951 4046 regina
981 3963 1265 4029 Alienor
1302 3964 1482 4026 filius
1520 3963 1866 4045 legitimus
1921 3970 1992 4026 et
2035 3981 2240 4027 voca-

369 4071 490 4127 tus
534 4071 640 4126 est
683 4058 1083 4127 ³Henricus.
1186 4063 1348 4127 Fuit
1391 4070 1618 4126 autem
1663 4061 2067 4144 magnificus
2116 4081 2241 4125 rex

373 4162 725 4226 Hem-icus
756 4163 936 4227 filius
967 4162 1304 4240 Matildis,
1339 4181 1494 4245 quae
1529 4162 1718 4244 prius
1765 4160 1990 4225 fuerat
2031 4161 2245 4242 impe-

371 4263 597 4326 ratrix
632 4261 1099 4327 Romanorum
1143 4269 1214 4326 et
1249 4268 1492 4344 postea
1535 4260 1886 4326 comitissa
1917 4258 2244 4340 Andega·

377 4484 618 4533 Wilson's
632 4485 992 4546 Mas-tyrologe,
1008 4483 1130 4533 edit.
1147 4487 1291 4546 loos,
1338 4483 1407 4544 by
1454 4482 1712 4530 command
1763 4480 1821 4529 of
1868 4480 1947 4527 his
1995 4478 2158 4526 father
2201 4478 2253 4524 in

379 4570 434 4614 p.
459 4557 538 4601 ⁴9.
1345 4556 1504 4610 117ος
1536 4550 1770 4611 married,
1806 4551 1854 4598 in
1885 4552 2030 4609 1173,
2053 4547 2257 4607 Marga-

453 4619 476 4652 ²
497 4623 673 4672 Pridie
728 4625 955 4674 kalendas
1025 4622 1223 4671 Martii.
1271 4621 1294 4685 ]
1345 4626 1437 4683 ret,
1472 4620 1722 4682 daughter
1759 4619 1815 4667 of
1854 4618 2007 4665 Louis
2047 4616 2167 4664 v11.
2206 4615 2262 4664 of

380 4694 395 4721 ⁴
418 4693 597 4743 Mense
619 4695 807 4743 Martio
822 4688 852 4754 ;'
887 4693 1101 4744 Gen-vas.
1348 4692 1536 4740 France
1550 4705 1567 4751 ;
1603 4689 1721 4738 died
1745 4690 1796 4737 in
1819 4691 1963 4736 1182.
