3457 5887
941 818 1208 868 rmus
1252 815 1785 867 ms‘ronmnun.
2175 789 2303 865 153

430 976 502 1040 in
548 995 675 1040 ore
730 973 944 1057 gladii
1002 979 1504 1057 percusserunt,
1561 971 1798 1035 urbem
1854 989 2087 1035 eorum
2143 970 2302 1053 igne

429 1075 944 1140 succendentes·

420 1226 425 1232 ,
536 1175 667 1238 Est
737 1184 966 1238 autem
1037 1170 1474 1234 Hierusalem
1551 1169 1598 1235 J
1603 1171 1818 1235 udaeae
1883 1169 2303 1253 metropoIiS,

436 1293 596 1357 quae
652 1274 863 1357 juxta
916 1280 1184 1336 veteres
1243 1270 1565 1334 historias
1625 1270 1917 1351 primum
1967 1269 2153 1333 dicta
2199 1277 2305 1334 est

438 1372 695 1449 Salem,
736 1392 781 1436 a
829 1371 986 1435 Sem
1034 1370 1175 1434 filio
1229 1369 1385 1433 Noe
1443 1369 1922 1452 primogenito,
1981 1369 2101 1451 qui
2153 1387 2305 1433 eam

438 1471 755 1536 fundavit
826 1477 895 1534 et
963 1470 1036 1533 in
1096 1488 1178 1533 ea
1242 1469 1609 1550 regnavit3
1697 1468 1807 1532 hic
1872 1468 2307 1551 postmodum

440 1571 666 1634 dictus
710 1576 816 1634 est
858 1567 1386 1646 Melchisedech,
1430 1567 1550 1649 qui
1595 1567 1965 1633 revertenti
2011 1565 2306 1631 Abrahae

444 1689 490 1733 α
521 1669 707 1734 caede
743 1675 1038 1751 quatuor
1066 1687 1304 1750 regum
1332 1659 1616 1732 ¹obtulit
1651 1686 1897 1748 panem
1932 1673 2004 1730 et
2033 1666 2305 1747 vinum;

444 1767 945 1833 Melchisedech
1010 1774 1241 1831 autem
1301 1771 1322 1800 ‘
1352 1786 1478 1830 rex
1524 1765 1840 1850 justitiae’
1898 1766 2307 1848 interpreta-

445 1876 582 1946 tur,
614 1888 828 1951 ‘quem
892 1867 1083 1930 Deus
1125 1885 1170 1930 a
1210 1866 1471 1930 diluvio
1513 1865 1913 1943 reservavit,
1956 1873 2036 1930 ut
2078 1863 2311 1929 Chris-

443 1977 560 2032 tus
618 1987 707 2031 ex
753 1966 903 2055 ejus
964 1965 1216 2030 semine
1259 1972 1673 2029 nasceretur.
1828 1964 1999 2028 Erat
2035 1964 2309 2047 quidem

446 2087 531 2131 eo
602 2074 912 2149 tempore
982 2064 1121 2128 alia
1192 2064 1463 2142 civitas,
1530 2064 1741 2147 juxta
1815 2063 2311 2147 Hieronymum

450 2166 683 2230 Salem
756 2163 1126 2247 appellata,
1193 2164 1267 2226 in
1328 2182 1466 2246 qua
1546 2162 1723 2227 idem
1816 2163 2314 2227 Melchisedech

452 2265 635 2328 sicut
677 2271 748 2327 et
798 2263 934 2327 alia
975 2261 1310 2344 regnavit,
1360 2262 1557 2346 cujus
1593 2263 1809 2325 ruinae
1860 2281 2080 2345 usque
2117 2261 2318 2326 hodie

448 2364 662 2448 juxta
696 2361 953 2426 fluenta
977 2361 1024 2426 J
1028 2361 1301 2425 ordanis
1331 2370 1742 2441 cernuntur3
1788 2361 2132 2445 deinceps,
2163 2381 2317 2444 reg·

456 2469 666 2526 nante
724 2463 797 2525 iu
862 2480 945 2524 ea
1007 2461 1054 2526 J
1059 2461 1357 2539 ebusaeo,
1415 2461 1602 2524 dicta
1656 2460 1703 2525 J
1707 2462 1899 2538 ebuS,
1954 2468 2024 2525 et
2082 2461 2180 2524 sic
2230 2481 2315 2524 ex

454 2561 501 2626 J
506 2562 675 2626 ebus
704 2568 774 2625 et
801 2560 1026 2625 Salem
1047 2560 1234 2625 dicta
1264 2567 1371 2624 est
1391 2559 1438 2624 J
1442 2559 1856 2640 ebussalem;
1894 2554 2112 2625 'unde
2138 2566 2320 2642 post,

454 2661 729 2744 dempta
777 2662 822 2724 b
863 2660 1098 2724 littera
1132 2666 1202 2723 et
1234 2659 1471 2723 addita
1519 2679 1578 2736 r,
1623 2660 1810 2725 dicta
1845 2667 1952 2724 est
1985 2660 2320 2724 Hierusa-

456 2761 631 2838 lem3
695 2768 961 2842 postea,
1004 2759 1292 2841 expulso
1339 2758 1386 2823 J
1390 2760 1556 2823 ebus
1600 2778 1642 2823 a
1682 2759 1936 2837 David,
1979 2760 2164 2824 dicta
2214 2766 2320 2822 est

456 2860 703 2924 civitas
748 2857 1017 2937 David3
1075 2857 1339 2935 deinde,
1383 2866 1711 2940 regnante
1753 2878 1917 2922 vero
1958 2858 2322 2922 Salomone

459 2959 603 3023 filio
654 2959 829 3042 ejus,
853 2964 1102 3022 vocata
1137 2966 1244 3022 est
1278 2957 1784 3042 Hierosolyma,
1831 2960 2027 3040 quasi
2071 2958 2323 3023 Hieru-

461 3058 678 3121 salem
741 3057 1143 3121 Salomonis.
1247 3057 1453 3121 Hanc
1507 3066 1752 3141 postea
1802 3058 2323 3140 quadragesimo

462 3156 765 3221 secundo
791 3176 970 3220 auno
996 3163 1155 3239 post
1186 3157 1571 3238 passionem
1602 3158 1904 3234 Domini,
1925 3158 1972 3223 J
1976 3158 2323 3221 udaeorum

461 3257 901 3337 exigentibus
980 3257 1303 3338 peccatis,
1377 3256 1579 3319 Titus
1637 3256 2051 3340 Vespasiani
2121 3257 2324 3334 filius,

462 3355 935 3420 Romanorum
978 3356 1293 3437 princeps
1318 3356 1753 3437 magnificus,
1783 3357 2049 3420 obsedit
2087 3364 2159 3421 et
2202 3376 2322 3421 ex-

460 3462 841 3537 pugnatam
876 3453 1148 3537 dejecit,
1178 3455 1280 3517 ita
1322 3462 1421 3532 ut,
1453 3455 1664 3538 juxta
1705 3456 1986 3519 verbum
2022 3455 2322 3534 Domini,

465 3574 603 3617 non
634 3560 1014 3617 remaneret
1041 3553 1113 3615 in
1140 3571 1224 3616 ea
1250 3554 1426 3636 lapis
1469 3573 1677 3636 super
1704 3554 2017 3636 lapidem.
2121 3556 2324 3620 Illam

464 3672 629 3717 vero
690 3660 933 3735 postea
980 3652 1208 3715 AElius
1253 3651 1625 3730 Adrianus,
1688 3661 1973 3736 quartus
2029 3655 2115 3718 ab
2173 3656 2327 3737 ipso

469 3752 940 3816 Romanorum
960 3749 1348 3833 Augustus,
1364 3753 1735 3835 reparavit,
1762 3760 1831 3817 et
1851 3753 1935 3817 de
1961 3773 2089 3818 suo
2108 3754 2329 3817 Eliam

469 3850 932 3934 nuncupavit3
1011 3858 1080 3914 et
1143 3870 1299 3914 cum
1362 3852 1551 3934 prius
1611 3853 1681 3914 in
1757 3851 1934 3917 clivo
1997 3854 2328 3936 praecipiti

470 3951 723 4014 montis
766 3957 949 4014 esset
992 3949 1151 4025 sita,
1189 3950 1291 4013 ita
1338 3958 1416 4015 ut
1462 3957 1726 4033 partem
1769 3951 1840 4013 in
1883 3952 2213 4016 orientem
2262 3959 2332 4016 et

466 4050 539 4113 in
573 4058 882 4113 austrum
916 4056 1066 4113 tota
1093 4048 1360 4113 devexa
1392 4050 1784 4132 respiceret,
1824 4051 1896 4114 in
1937 4051 2152 4115 latere
2191 4058 2332 4114 tam

466 4148 724 4212 montis
770 4147 937 4212 Sion
985 4167 1191 4229 quam
1236 4148 1481 4213 Moriae
1534 4150 1786 4213 montis
1832 4151 2229 4226 constituta,
2267 4157 2336 4214 et

468 4248 693 4311 solum
739 4248 1065 4330 templum
1137 4255 1207 4311 et
1273 4248 1654 4324 castellum,
1714 4249 1827 4312 cui
1879 4268 2124 4312 nomen
2189 4256 2339 4313 erat

471 4346 807 4424 Antonia,
858 4348 928 4410 in
975 4347 1083 4410 sui
1127 4346 1411 4412 haberet
1457 4347 1763 4429 fastigio,
1808 4348 1895 4410 ab
1935 4348 2171 4412 eodem
2214 4349 2343 4411 im-

2327 989 2440 1031 AJ).
2459 989 2569 1028 lm.

2374 1039 2626 1133 eci-ungu.

2324 1041 2497 1134 ΒΞ

500 4600 512 4611 .
537 4525 558 4622 ἶ
593 4523 847 4597 Obtulit]
901 4529 963 4578 In
990 4528 1104 4579 MS.
1135 4530 1151 4558 ‘
1171 4530 1382 4581 offerens
1502 4528 1523 4558 ¹
1542 4530 1679 4579 Unde
1700 4530 1854 4593 pout]
1887 4531 2132 4592 Compare
2155 4528 2346 4580 nober-

463 4614 536 4648 θι.
1439 4606 1521 4649 tus
1544 4599 1844 4663 Monachus,
1864 4616 1915 4662 p.
1938 4605 2019 4651 80.
