3457 5887
1205 851 1292 914 60
1707 869 1972 917 nocam
2021 870 2113 917 ns
2159 870 2564 920 wimnovsn

886 1048 994 1088 An.
1018 1051 1127 1090 1095.
1208 1032 1440 1089 exstat
1492 1026 1793 1109 Europa,
1841 1027 2037 1110 cujus
2087 1028 2753 1111 quantulamcunque
2806 1035 3083 1110 partem

886 1098 997 1147 Pope
1008 1100 1179 1141 Urban's

884 1158 1064 1190 §ermon-

1207 1144 1332 1188 nos
1362 1124 1732 1189 Christiani
1766 1126 2245 1203 inhabitamus,
2273 1145 2474 1208 quam
2510 1135 2582 1192 et
2611 1127 2822 1190 Turci
2852 1135 2924 1190 et
2952 1126 3086 1189 Sa-

1207 1224 1434 1287 raceni
1477 1224 1672 1287 bellis
1715 1234 2032 1307 premunt
2073 1225 2435 1302 continuis,
2471 1233 2542 1289 et
2564 1227 2711 1310 jam
2750 1226 2839 1289 ab
2874 1225 3082 1288 annis

1206 1324 1524 1387 trecentis
1578 1322 1923 1406 Hispania
1981 1331 2051 1388 et
2098 1324 2341 1387 insulis
2388 1324 2787 1387 Balearibus
2836 1324 3082 1406 subju·

1206 1422 1412 1503 gatis,
1455 1423 1638 1504 quod
1691 1423 2025 1505 reliquum
2077 1430 2184 1486 est
2244 1441 2366 1505 spe
2423 1424 2778 1497 devorant,
2834 1422 3074 1503 Illyri-

1206 1541 1491 1603 cumque
1520 1529 1590 1586 et
1627 1528 1845 1585 terras
1879 1541 2113 1587 omnes
2149 1521 2501 1587 inferiores
2545 1523 2930 1604 inequitant
2964 1523 3077 1584 in-

1207 1620 1502 1684 solentes
1556 1640 1771 1703 usque
1819 1621 1908 1684 ad
1948 1640 2158 1697 mare,
2206 1621 2390 1702 quod
2446 1622 2794 1685 brachium
2844 1621 3072 1684 sancti

1207 1718 1492 1802 Georgii
1542 1728 1992 1802 nuncupatur.
2094 1718 2278 1798 Quid
2345 1726 2452 1783 est
2509 1720 2689 1802 quod
2753 1720 3072 1784 Domini-

1205 1837 1359 1881 cum
1385 1827 1893 1883 monumentum
1922 1838 2064 1883 suae
2094 1817 2446 1883 vindicant
2473 1820 2736 1896 ditioni,
2769 1826 2844 1882 et
2871 1838 3070 1881 sanc·

1206 1924 1297 1980 tae
1358 1918 1545 1980 urbis
1606 1917 1957 1983 introitum
2009 1917 2386 1999 peregrinis
2441 1920 2692 1983 nostris
2738 1918 3066 1995 vendunt,

1203 2015 1322 2096 qui
1355 2016 1519 2078 solis
1541 2015 1948 2080 Christianis
1977 2024 2210 2098 patere
2239 2016 2536 2094 deberet,
2568 2019 2627 2082 si
2659 2017 2918 2099 aliquid
2940 2011 3064 2080 ¹di-

1200 2114 1378 2178 vinae
1408 2114 1683 2178 virtutis
1710 2116 2073 2196 vestigium
2105 2115 2202 2178 eis
2230 2116 2529 2180 inesset?
2608 2116 3064 2198 Accingimini

1200 2232 1364 2295 ergo
1403 2214 1532 2277 viri
1575 2222 1912 2296 potentes»,
1955 2223 2027 2279 et
2068 2215 2518 2295 aggredimini
2558 2216 3062 2279 memorabilem

1201 2313 1272 2376 in
1317 2313 1534 2376 crucis
1577 2314 1886 2377 inimicos
1930 2314 2453 2396 expeditionem,
2481 2322 2551 2379 et
2580 2313 3062 2378 Christianita-

1202 2419 1334 2475 tem
1366 2414 1811 2496 propagaturi
1852 2412 2279 2493 signaculum
2318 2414 2536 2476 crucis
2578 2412 2879 2477 humeris
2913 2432 3062 2478 νω-

1194 2512 1318 2574 tris
1363 2512 1637 2589 insuite,
1689 2513 1759 2575 in
1809 2512 2269 2576 testimonium
2318 2512 2473 2575 fidei
2537 2513 2849 2576 ardorem
2896 2512 3059 2576 foris

1191 2610 1737 2691 praetendente83
1798 2629 2010 2687 arma,
2047 2629 2199 2692 quae
2237 2610 2421 2674 caede
2464 2618 2704 2675 mutua
2744 2612 2818 2674 in
2860 2611 3056 2675 bellis

1189 2708 1425 2772 illicite
1496 2717 1567 2773 et
1634 2710 2122 2774 torneamentis
2189 2711 2621 2787 cruentastis,
2676 2712 2748 2773 in
2825 2710 3053 2774 hostes

1189 2809 1562 2873 convertite
1615 2809 1772 2872 fidei
1825 2816 1896 2873 et
1948 2808 2240 2873 nominis
2276 2807 2689 2888 Christiani3
2754 2811 3053 2891 rapinas,

1186 2905 1393 2984 furta,
1445 2907 1830 2986 homicidia,
1875 2908 2381 2986 fornicationes,
2422 2907 2783 2986 adulteria,
2828 2909 3054 2972 incen-

1186 3006 1323 3083 dia,
1353 3009 1595 3090 quibus
1631 3008 2002 3072 Dominum
2037 3008 2123 3071 ad
2155 3008 2572 3071 iracundiam
2605 3009 3054 3090 provocastis,

1182 3106 1253 3168 in
1294 3106 1422 3170 bac
1457 3108 1891 3189 expeditione
1922 3108 2271 3185 redimite;
2318 3115 2386 3171 et
2427 3107 2752 3171 fratribus
2783 3108 3053 3183 vestriS,

1183 3205 1300 3286 qui
1327 3207 1398 3268 in
1422 3205 1923 3290 Hierosolymis
1951 3213 2020 3270 et
2053 3206 2299 3269 finibus
2333 3206 2481 3289 eJus
2501 3205 2840 3282 habitant,
2869 3225 3050 3270 com·

1180 3305 1544 3385 patienteS,
1605 3307 2048 3371 barbarorum
2117 3304 2516 3369 insolentias
2580 3304 3049 3386 compescatis,

1178 3402 1425 3483 quibus
1451 3405 1875 3485 propositum
1907 3411 2013 3468 est
2040 3423 2283 3467 nomen
2311 3404 2685 3487 deprimere
2719 3402 3049 3467 Christia-

1178 3520 1440 3564 norum.
1535 3495 1722 3565 ²Nos
1762 3511 1987 3567 autem
2024 3502 2107 3566 de
2151 3503 2634 3584 omnipotentis
2670 3502 2806 3565 Dei
2845 3503 3043 3565 mise-

1176 3600 1466 3664 ricordia
1515 3610 1585 3666 et
1627 3602 1981 3666 beatorum
2025 3601 2486 3683 apostolorum
2537 3601 2689 3684 ejus
2745 3600 2938 3666 Petri
2980 3609 3049 3665 et

1176 3698 1379 3763 Pauli
1410 3703 1819 3765 auctoritate
1852 3701 2108 3777 confisi,
2137 3720 2226 3763 ex
2250 3700 2371 3764 illa
2400 3720 2602 3782 quam
2637 3701 2861 3776 nobis,
2888 3701 3048 3764 licet

1171 3799 1491 3882 indigniS‚
1548 3801 1739 3866 Deus
1798 3800 2057 3882 ligandi
2116 3805 2320 3881 atque
2385 3799 2693 3864 solvendi
2755 3798 3045 3864 contulit

1170 3908 1604 3980 potestatem,
1651 3901 1988 3976 omnibus,
2024 3900 2141 3982 qui
2184 3898 2484 3962 laborem
2518 3900 2725 3962 istum
2766 3900 2839 3961 in
2885 3918 3041 3980 pro·

1169 4000 1334 4080 priis
1370 4003 1680 4083 personis
1726 4000 2058 4064 subierint
2107 4005 2177 4060 et
2223 3999 2567 4079 expensis,
2614 3996 2886 4079 plenam
2932 4016 3042 4059 su-

1168 4117 1362 4161 orum
1417 4101 1905 4181 peccaminum,
1967 4099 2049 4162 de
2102 4097 2350 4179 quibus
2400 4097 2735 4161 veraciter
2788 4096 3039 4160 fuerint

1167 4195 1368 4260 corde
1418 4199 1715 4274 contriti,
1750 4218 1867 4261 ore
1922 4197 2235 4272 confessi,
2269 4197 2537 4260 veniam
2583 4194 3037 4276 indulgemuS,

1165 4302 1236 4358 et
1264 4296 1334 4357 in
1368 4297 1810 4360 retributione
1844 4297 2189 4380 justorum
2233 4296 2476 4360 salutis
2520 4301 2794 4359 oeteruae
2838 4294 3034 4378 polli-

1230 4505 1246 4539 ¹
1263 4509 1462 4558 Divina
1483 4504 1730 4578 virtutis]
1754 4510 1770 4537 ‘
1786 4510 1956 4558 Solitae
1973 4510 2073 4559 vir-
2121 4504 2477 4578 appot-mum]
2503 4510 2727 4560 Omitted
2743 4511 2811 4571 by
2827 4509 3037 4560 Malms·

1158 4575 1315 4641 tutis‚'
1339 4579 1573 4629 Malmsb.
2123 4583 2280 4643 but-53
2303 4581 2344 4629 it
2362 4582 2408 4630 is
2430 4580 2580 4631 taken
2603 4580 2726 4630 from
2744 4580 2964 4630 william
2980 4578 3037 4628 of

1224 4646 1246 4679 ²
1269 4651 1373 4699 Νοε
1414 4655 1572 4700 cutm
1596 4686 1610 4700 .
1636 4685 1650 4699 .
1676 4686 1690 4699 .
1716 4686 1731 4701 .
1755 4648 2072 4713 impenderint
2120 4651 2267 4712 Tyre.
