3457 5887
1184 858 1325 922 344-
1677 867 1945 917 noemu
1992 868 2088 914 ns
2131 863 2539 914 wanovssn

866 1044 976 1086 Aa).
996 1042 1107 1084 ¹1⁷⁰-
1189 1036 1258 1093 et
1301 1026 1543 1092 fervidi
1594 1026 1880 1091 formam
1924 1023 2124 1107 quasi
2165 1021 2594 1105 sphaericam,
2644 1038 2799 1102 quae
2841 1019 3058 1084 instar

865 1094 960 1135 1011·
971 1096 1019 1133 of

865 1146 909 1185 8.
923 1143 1088 1184 Codrio-

1188 1128 1349 1192 vitri
1390 1125 1789 1190 lucidissimi
1835 1130 1982 1189 tota
2024 1122 2468 1205 resplenduit,
2513 1129 2582 1184 et
2626 1119 2816 1182 illam
2856 1120 3055 1182 undi-

1186 1247 1320 1311 que
1358 1225 1912 1308 incomparabilis
1944 1222 2200 1287 candor
2228 1221 2542 1297 obduxit,
2586 1219 2752 1283 licet
2787 1219 3056 1282 modum

1186 1326 1538 1410 qualitatis
1563 1325 1811 1389 animae
1842 1341 2041 1387 nemo
2064 1321 2294 1385 valeat
2324 1319 2694 1402 explicare.
2797 1317 3053 1382 Audito

1187 1433 1413 1491 autem
1458 1426 1652 1490 obitu
1694 1424 1825 1488 viri
1868 1421 2114 1497 sancti,
2157 1421 2324 1485 socii
2367 1419 2544 1503 ejus,
2588 1418 2709 1500 qui
2751 1426 2948 1482 erant
2987 1419 3054 1480 in

1187 1526 1376 1591 curia
1418 1524 1601 1589 beati
1645 1522 2030 1598 cuthberti,
2073 1521 2252 1585 inter
2298 1537 2470 1602 quos
2515 1517 2744 1581 fuerat
2780 1516 3054 1601 juvenis

1187 1630 1651 1701 conversatus,
1669 1622 2085 1706 sepelierunt
2104 1639 2255 1685 eum
2277 1619 2350 1682 in
2375 1618 2773 1682 coemeterio
2794 1617 3051 1681 Dunel-

1186 1725 1422 1789 mensi.

1253 1894 1429 1975 Quod
1456 1892 1658 1958 boatus
1690 1892 1994 1957 andriace
2020 1890 2504 1974 H‘wmolynwm
2523 1890 2833 1975 profectus
2854 1910 2985 1953 oum

1699 1991 2110 2077 prosperitate
2138 2011 2409 2054 reversus
2434 1998 2540 2053 osi.

1285 2116 1571 2200 Sepulto
1612 2116 1848 2198 itaque
1872 2115 2100 2179 -fratre
2133 2114 2283 2197 jam
2326 2113 2532 2191 dicto,
2565 2111 2909 2177 Godricus
2949 2132 3051 2177 re-

1193 2217 1485 2282 vertitur
1517 2214 1603 2279 ad
1633 2214 1997 2291 desertum,
2028 2213 2356 2277 haesitans
2388 2211 2550 2295 quid
2589 2213 2678 2276 de
2708 2232 2786 2277 se
2812 2213 3054 2276 divinae

1188 2318 1281 2382 sit
1337 2315 1662 2400 placitum
1719 2313 2106 2393 voluntati3
2176 2311 2338 2387 dum
2399 2313 2612 2394 igitur
2671 2331 2883 2395 super
2932 2311 3056 2375 hoc

1186 2417 1535 2481 attentius·
1563 2415 1788 2478 Deum
1838 2420 2087 2490 oraret,
2113 2431 2255 2476 vox
2297 2412 2494 2494 lapsa
2515 2411 2616 2475 *de
2657 2412 2833 2475 caelo
2877 2411 3060 2474 dixit

1187 2517 1275 2593 ei,
1306 2520 1327 2550 ‘
1356 2514 1656 2597 Expedit
1697 2513 1824 2577 tibi
1867 2513 1967 2576 ire
2020 2511 2564 2595 Hierosolymam
2616 2516 2703 2573 et·
2728 2510 2986 2574 reverti
3012 2516 3053 2586 ς’

1188 2614 1306 2678 sed
1366 2620 1436 2678 et
1487 2619 1769 2677 sanctus
1819 2611 2168 2676 confessor
2214 2610 2473 2676 Christi
2520 2608 2928 2674 cuthbertus
2978 2611 3042 2673 ei

1187 2731 1526 2796 apparens
1570 2712 1772 2789 dixit,
1818 2717 1839 2746 ‘
1861 2710 2060 2776 Vade
2107 2710 2656 2793 Hierosolymam
2695 2728 2851 2772 cum
2892 2708 3041 2773 Do-

1186 2814 1371 2878 mino
1420 2811 1751 2894 crucifigi,
1799 2818 1871 2875 et
1919 2830 2049 2894 ego
2094 2809 2219 2873 tibi
2261 2829 2414 2874 sum
2464 2809 2728 2873 futurus
2777 2808 3054 2893 adjutor

1185 2913 1258 2977 in
1291 2912 1600 2978 omnibus
1633 2918 1706 2975 et
1739 2918 2091 2995 patronus,
2125 2916 2220 2987 et,
2266 2910 2529 2975 itineris
2576 2908 2780 2993 hujus
2822 2908 3058 2973 labore

1186 3019 1683 3090 consummato,
1714 3013 1844 3076 sub
1878 3030 2029 3076 mea
2063 3011 2485 3093 protectione
2513 3008 2698 3092 apud
2735 3009 3058 3073 Finchale

1190 3107 1492 3178 Domino
1534 3110 1911 3177 militabis.’
2014 3109 2353 3174 Godricus
2381 3116 2613 3174 autem
2649 3108 3060 3172 Dunelmum

1188 3231 1503 3277 reversus
1578 3212 1852 3294 signum
1920 3210 2140 3274 crucis
2200 3228 2353 3273 cum
2417 3209 2805 3292 presbyteri
2859 3210 3058 3272 bene-

1186 3312 1482 3377 dictione
1536 3312 1864 3393 suscepit.
1967 3309 2054 3372 In
2103 3309 2234 3374 hoc
2274 3308 2514 3373 itinere
2564 3315 2716 3372 erat
2764 3308 2828 3372 ei
2873 3310 3059 3376 cibus

1190 3412 1388 3494 panis
1429 3410 1847 3475 hordeaceus
1891 3416 1961 3474 et
2004 3427 2188 3492 aqua
2230 3416 2456 3492 potus,
2489 3428 2627 3473 non
2655 3416 2887 3472 vestes
2918 3427 3058 3471 mu·

1189 3512 1368 3575 tavit
1421 3531 1545 3575 nec
1603 3511 1846 3586 abluit,
1895 3529 2028 3574 non
2085 3509 2549 3573 calceamenta
2591 3508 2912 3591 deposuit
2956 3506 3060 3570 vel

1189 3611 1486 3675 mutavit
1528 3618 1652 3674 aut
1678 3608 2088 3686 emendavit,
2122 3595 2489 3692 antequam
2519 3608 2604 3671 ad
2638 3607 2796 3671 loca
2826 3614 3055 3670 sancta

1190 3710 1494 3788 veniret3
1556 3707 1644 3772 ad
1696 3707 2126 3791 sepulchrum
2170 3708 2449 3772 Domini
2493 3715 2564 3771 et
2601 3707 2691 3770 ad
2734 3707 2870 3770 alia
2910 3706 3056 3769 loca

1193 3813 1433 3872 sancta
1486 3808 1766 3871 veniens
1822 3807 2068 3871 devote
2124 3808 2370 3885 oravit,
2424 3807 2817 3890 lachrymas
2867 3806 3059 3882 fudit,

1192 3907 1339 3971 solo
1388 3905 1700 3983 adhaesit,
1745 3907 1982 3970 oscula
2028 3905 2204 3984 fixit,
2256 3907 2368 3971 ita-
2411 3906 2703 3971 devotus
2762 3906 3060 3969 existens

1193 4014 1271 4071 ut
1300 4007 1420 4071 vix
1454 4004 1734 4069 cuilibet
1762 4005 2083 4070 credibile
2112 4005 2480 4071 videretur.
2590 4004 2705 4070 Ad
2736 4004 3060 4070 Jordanis

1192 4106 1452 4170 fluenta
1480 4103 1878 4188 procedenS,
1913 4124 2064 4169 cum
2095 4105 2317 4170 cilicio
2342 4112 2413 4169 et
2440 4104 2725 4188 scypho,
2760 4124 2962 4187 quem
2991 4104 3057 4166 in

1192 4226 1356 4291 pera
1397 4205 1746 4289 portabat,
1778 4212 1848 4269 et
1889 4224 2088 4269 cruce
2128 4205 2421 4283 modica,
2450 4224 2658 4288 quam
2698 4223 2962 4287 semper
2985 4203 3054 4265 in

1192 4306 1507 4370 manibus
1569 4306 1849 4380 ferebat,
1906 4323 2121 4387 aquas
2179 4304 2478 4369 fluminis
2524 4304 2860 4380 introivit,
2905 4321 3054 4385 quae

1195 4407 1380 4471 omni
1447 4412 1605 4489 post
1642 4414 1961 4487 ,tempore
2026 4424 2163 4487 quo
2224 4405 2400 4468 vixit
2455 4403 2697 4468 habuit
2757 4404 3058 4480 cariora3

1197 4514 1363 4571 tunc
1415 4505 1633 4588 primo
1673 4512 1898 4568 vestes
1939 4504 2154 4582 exuit,
2198 4503 2281 4568 de
2328 4523 2464 4588 qua
2507 4503 2691 4568 lotus
2723 4502 3064 4578 ascendit,

1198 4606 1663 4670 calceamenta
1685 4604 2000 4685 deposuit
2031 4610 2100 4668 et
2134 4604 2332 4682 dixit,
2356 4604 2582 4668 ‘Deus
2613 4603 3063 4686 omnipotens,
