3457 5887
906 841 1178 890 FLORBS
1223 841 1755 894 HISTORIARUM.
2129 833 2252 897 101

364 998 619 1072 pantes
649 995 1110 1079 municipium,
1142 999 1313 1063 illud
1351 1000 1604 1066 nostris
1640 1002 2062 1086 principibus
2095 1007 2247 1071 red-
2272 1017 2511 1119 ssssssss?

363 1089 714 1157 diderunt.
818 1094 1224 1164 Ceciderunt
1258 1107 1485 1164 autem
1515 1099 1627 1164 die
1654 1101 1777 1165 illa
1809 1121 1898 1167 ex
1933 1102 2246 1171 hostibus
2269 1119 2564 1163 them-dn

363 1189 463 1252 ad
518 1191 655 1257 duo
711 1194 949 1274 millia,
985 1216 1073 1260 ex
1121 1198 1367 1281 quibus
1419 1199 1796 1281 quingenta
1846 1203 2078 1284 capita
2134 1226 2241 1270 re-

356 1297 726 1369 portantes
774 1313 929 1358 cum
980 1296 1164 1361 mille
1210 1292 1406 1380 equis
1454 1295 1731 1381 optimis
1782 1307 1854 1366 et
1898 1304 2238 1370 manubiis

352 1389 659 1469 copiosis
691 1392 780 1455 ad
809 1401 1038 1459 castra
1063 1398 1319 1461 reversi
1351 1405 1534 1476 sunt,
1575 1399 1828 1463 multas
1858 1401 2234 1482 gratiarum

351 1487 670 1554 actiones
701 1491 997 1558 Domino
1023 1496 1512 1578 persolventes.
1586 1495 1792 1563 Cives
1825 1518 2096 1584 quoque
2127 1504 2232 1568 in-

350 1591 572 1666 terea,
594 1609 736 1672 per
766 1601 1033 1679 portam
1077 1595 1380 1660 civitatis
1423 1598 1735 1662 certatim
1781 1601 2229 1681 egredientes,

348 1683 502 1750 fere
545 1696 693 1753 tota
740 1690 850 1756 die
896 1694 1147 1759 nostris
1201 1695 1606 1777 gravissima
1659 1698 2038 1764 intulerunt
2083 1721 2230 1766 cer-

346 1787 634 1865 tamina,
665 1790 880 1855 donec
913 1801 1297 1858 nostrorum
1342 1795 1696 1861 audientes
1741 1797 2111 1864 adventum
2152 1803 2222 1866 in

340 1883 631 1952 civitate
673 1908 825 1953 sese
868 1903 1292 1975 receperunt.
1398 1895 1754 1979 Principes
1798 1897 2031 1980 itaque
2076 1902 2221 1965 vic-

339 1989 534 2048 tores
568 1987 656 2051 ad
704 1989 1119 2055 obsidionem
1152 1995 1407 2058 reversi
1452 1995 1747 2060 ducenta
1779 1997 2008 2079 capita
2037 1998 2217 2063 Tur-

338 2101 610 2162 corum,
652 2087 725 2149 in
754 2089 1023 2171 signum
1067 2090 1391 2174 triumphi
1428 2101 1497 2158 et
1535 2093 1789 2158 doloris
1832 2115 2065 2161 eorum
2109 2099 2215 2163 in-

339 2192 789 2263 crementum,
837 2188 1167 2252 machinis
1206 2190 1637 2274 jaculatoriis
1685 2194 1759 2257 in
1805 2195 2042 2260 urbem
2088 2197 2216 2261 im-

338 2280 530 2345 mitti
592 2282 930 2367 fecerunt3
997 2295 1247 2353 caetera
1303 2310 1467 2355 vero
1527 2298 1690 2355 ante
1747 2293 1980 2357 urbem
2041 2297 2219 2378 palis

335 2381 619 2445 confixa
645 2391 1058 2464 statuerunt,
1091 2396 1170 2453 ut
1201 2395 1342 2453 tam
1387 2389 1533 2454 haec
1577 2410 1782 2474 quam
1827 2392 1951 2456 illa
1983 2414 2215 2459 eorum

330 2479 688 2546 molestias
721 2483 1163 2568 adaugerent.

550 2658 881 2746 Poreqrini
905 2664 1156 2728 trecenti
1181 2684 1225 2727 a
1259 2664 1481 2730 Two-eis
1491 2672 1991 2751 prosternuntur.

429 2776 739 2862 Cumque
801 2783 1142 2866 principes
1202 2805 1439 2850 omnes
1487 2787 1575 2850 ad
1631 2787 2054 2853 obsidionem
2101 2811 2203 2856 re-
2225 2799 2415 2893 3⁸:33

316 2877 509 2939 versi
562 2877 873 2959 fuissent,
920 2882 1261 2949 invadunt
1306 2886 1554 2951 acriter
1602 2888 1905 2953 universi
1947 2891 2204 2957 moenia
2412 2880 2424 2893 ⁹

318 2973 674 3058 civitatis3
719 2987 958 3045 contra
992 3002 1165 3066 quos
1202 2985 1388 3050 cives
1431 2986 1759 3051 acerrime
1793 2988 2201 3056 rebellantes

314 3073 724 3155 signiferum
786 3078 1145 3146 Podiensis
1200 3084 1500 3168 episcopi
1563 3093 1635 3150 et
1703 3087 1956 3151 multos
1991 3108 1992 3111 ¹
2028 3089 2200 3156 alios
2285 3146 2294 3153 .

311 3185 773 3254 peremerunt.
871 3179 1204 3259 Tandem,
1246 3201 1401 3246 cum
1438 3185 1507 3247 in
1551 3204 1852 3250 mensem
1883 3187 2197 3268 quintum

307 3290 393 3335 se
444 3276 871 3356 protraheret
918 3278 1205 3359 obsidio,
1252 3290 1581 3347 venerunt
1623 3302 1839 3350 naves
1879 3284 2194 3351 Januen-

307 3371 516 3450 sium,
583 3378 978 3459 peregrinos
1030 3387 1102 3445 et
1160 3380 1486 3446 victualia
1545 3382 1866 3462 serentes,
1930 3392 2003 3450 et
2055 3386 2190 3451 fre-

305 3473 677 3552 quentibus
708 3478 965 3542 nuntiis
995 3478 1378 3561 exigentes,
1412 3489 1514 3559 ut,
1549 3482 1776 3547 missis
1807 3483 2072 3565 aliquot
2100 3486 2186 3551 de

304 3571 754 3656 principibus,
805 3596 1042 3642 secure
1091 3598 1210 3643 eos
1270 3580 1359 3643 ad
1406 3588 1636 3646 castra
1686 3582 2180 3667 conducerent3

303 3671 494 3751 quod
538 3674 886 3740 audientes
929 3678 1294 3760 peregrini,
1336 3680 1454 3761 qui
1498 3681 1569 3744 in
1601 3681 1953 3747 obsidione
1984 3692 2182 3751 erant

303 3777 374 3834 et
433 3771 661 3837 victus
718 3776 1003 3857 penuria
1061 3779 1518 3858 vexabantur,
1569 3779 1880 3845 infinitus
1942 3801 2178 3846 eorum

304 3889 629 3936 numerus
650 3874 734 3936 ad
762 3893 949 3939 mare
968 3876 1341 3955 descendit,
1372 3879 1512 3957 ubi,
1536 3880 1834 3961 peractis
1860 3882 2178 3962 negotiis,

301 3969 387 4033 ad
416 3979 654 4036 castra
684 3973 903 4038 redire
932 3983 1345 4058 proponunt.
1435 3976 1806 4059 Eliguntur
1830 3979 2062 4062 itaque
2094 3981 2179 4044 de

298 4069 725 4154 principibus
779 4072 1092 4138 dominus
1136 4074 1600 4155 BoamunduS,
1650 4097 1879 4142 comes
1921 4078 2177 4143 Tholo-

300 4187 538 4247 sanuS,
567 4170 956 4237 Everardus
989 4173 1074 4237 de
1108 4173 1406 4253 Pusaco,
1437 4169 1543 4240 ¹et
1573 4196 1800 4240 comes
1824 4174 2176 4242 Gai-uerus

299 4267 382 4331 de
431 4268 640 4348 Gres,
686 4280 765 4337 ut
807 4273 1200 4354 peregrinos
1241 4275 1361 4357 qui
1403 4275 1474 4339 in
1518 4283 1721 4358 portu
1771 4284 1990 4353 erant,
2034 4284 2175 4341 tam

370 4476 389 4509 ¹
426 4480 496 4529 Et
514 4496 666 4530 comes
690 4482 939 4531 Gar-nera
957 4481 1015 4530 de
1041 4481 1210 4544 Gra]
1258 4481 1428 4530 where
1448 4481 1534 4530 the
1556 4480 1788 4532 Genoese
1820 4482 2174 4532 disembarked

305 4550 481 4601 Albert
522 4550 581 4599 of
627 4552 732 4599 Aix
775 4552 904 4602 adds
948 4551 1212 4612 Raymond
1261 4553 1377 4599 bore
1406 4550 1489 4599 the
1523 4566 1667 4600 name
1698 4553 1757 4600 of
1781 4554 1836 4603 S.
1859 4553 2058 4602 Simeon
2091 4550 2174 4599 the

306 4627 454 4669 count
497 4620 555 4670 of
593 4620 865 4672 Provence.
947 4620 1054 4670 The
1101 4626 1214 4682 port
1265 4620 1648 4681 Hermit31bid.
1670 4636 1722 4684 p.
1748 4626 1860 4671 2³6.
