3457 5887
850 851 1122 900 nonus
1166 849 1698 901 msa-omnum.
2121 834 2209 900 97

341 1012 568 1071 essent
606 999 1012 1090 interrogati
1037 1009 1200 1123 quid
1233 1009 1361 1073 sibi
1396 1008 1603 1074 vellet
1634 1007 1798 1073 talis
1836 1025 2053 1073 coenoe
2087 1027 2205 1093 ap·
2230 1024 2470 1125 *Qm

337 1112 649 1189 paratus,
674 1107 978 1173 dicerent
1009 1108 1110 1173 sic
1137 1127 1288 1173 esse
1329 1109 1700 1185 decretum,
1745 1114 1824 1171 ut
1866 1116 2206 1190 quotquot
2227 1125 2524 1167 menum-

336 1224 428 1269 ex
455 1205 764 1272 hostibus
790 1206 1107 1322 deinceps
1134 1209 1222 1272 ab
1250 1227 1485 1272 eorum
1514 1206 2061 1291 exploratoribus
2094 1227 2209 1272 ca-

336 1312 687 1387 perentur,
725 1326 959 1372 omnes
993 1308 1064 1370 in
1104 1307 1404 1391 prandiis
1442 1307 1824 1391 principum
1867 1313 1939 1371 et
1970 1308 2206 1391 populi

335 1405 544 1470 modo
572 1405 776 1469 simili
790 1414 1370 1471 consumerentur.
1437 1403 1817 1470 Audientes
1842 1412 2070 1471 autem
2090 1408 2207 1489 qui

337 1502 410 1567 in
460 1504 894 1588 expeditione
936 1513 1132 1570 erant
1176 1512 1319 1569 tam
1366 1504 1766 1570 admirabile
1804 1503 2084 1582 factum,
2137 1513 2209 1572 et

337 1602 526 1685 quod
556 1604 627 1666 in
653 1606 897 1670 castris
921 1605 1177 1669 domini
1211 1604 1597 1670 Boamundi
1624 1604 1795 1668 talia
1822 1612 2210 1687 agerentur,

337 1712 780 1769 accurrerunt
798 1704 1120 1781 universi,
1143 1711 1213 1768 et
1242 1703 1339 1768 rei
1369 1703 1744 1768 novitatem
1771 1704 2209 1782 admirantes,

340 1801 467 1883 qui
508 1802 870 1868 adfuerunt
919 1803 1414 1887 exploratores,
1479 1810 1700 1867 totum
1761 1803 1939 1867 serio
1998 1802 2208 1869 fuisse

338 1900 600 1966 sactum
626 1910 698 1967 et
729 1904 988 1985 absque
1030 1902 1461 1968 simulatione
1503 1901 1918 1981 credebant,
1899 1922 1916 1940 ·
1969 1902 2207 1967 timen-

339 2008 452 2065 toe
488 2001 725 2084 itaque
762 2021 851 2065 ne
892 2001 1053 2084 quid
1100 2001 1230 2066 sibi
1272 2001 1492 2065 simile
1530 2001 1890 2078 accideret,
1930 2001 2016 2065 de
2056 2020 2208 2065 cas-

341 2101 476 2164 tris
523 2099 756 2164 furtim
800 2101 1056 2182 egressi
1099 2100 1187 2164 ad
1229 2100 1508 2183 propria
1550 2107 1712 2164 sunt
1754 2101 2009 2164 reversi
2049 2100 2210 2178 illis,

346 2199 475 2281 qui
532 2217 651 2262 eos
708 2198 1056 2275 miserant,
1117 2199 1441 2275 dicentes,
1500 2197 1682 2280 quod
1736 2198 2030 2281 populus
2079 2200 2214 2263 iste

350 2297 657 2363 omnium
706 2297 1000 2361 ferarum
1052 2297 1464 2363 silvestrium
1521 2296 1813 2361 excedat
1856 2297 2215 2375 saevitiam,

349 2396 467 2460 cui
499 2416 632 2460 non
670 2393 963 2461 sufficiat
989 2395 1118 2458 sibi
1145 2396 1345 2459 urbes
1388 2403 1459 2460 et
1500 2395 1787 2459 castella
1828 2393 2217 2479 subjugare,

348 2494 806 2560 omnimodam
845 2494 1161 2559 hostium
1219 2495 1678 2559 substantiam
1737 2494 2051 2577 diripere,
2108 2497 2218 2560 vel

346 2595 653 2659 homines
696 2594 1008 2676 captivos
1049 2593 1522 2658 inclementius
1562 2602 1883 2677 torquere
1928 2601 1999 2659 et
2041 2597 2219 2658 occi-

347 2695 533 2771 dere,
576 2693 709 2759 nisi
749 2694 1029 2777 insuper
1064 2700 1135 2758 et
1176 2693 1263 2758 de
1295 2693 1617 2758 carnibus
1649 2712 1884 2757 eorum
1912 2700 2217 2758 ventrem

349 2814 549 2858 suum
600 2792 883 2875 impleat
934 2800 1007 2858 et
1061 2792 1490 2857 inimicorum
1554 2793 1891 2874 sanguine
1950 2794 2219 2875 sagine-

349 2902 492 2959 tur.
593 2892 788 2957 Exiit
848 2911 1013 2974 ergo
1062 2910 1284 2957 sermo
1331 2892 1463 2957 iste
1508 2891 1595 2957 ad
1647 2899 1880 2975 partes
1943 2893 2222 2959 orientis

350 2991 779 3069 remotiores,
820 2999 890 3056 et
929 2992 1134 3073 longe
1177 2992 1437 3074 positas
1476 2992 1845 3074 perterruit
1889 2993 2224 3069 nationeS,

352 3092 605 3157 civitas
634 3109 903 3174 quoque
925 3088 1356 3155 Antiochena
1386 3098 1535 3155 tota
1567 3091 2000 3168 contremuit,
2020 3090 2226 3175 hujus

312 3236 315 3241 -
356 3191 527 3255 facti
561 3189 919 3272 perterrita
966 3190 1312 3268 novitate3
1360 3189 1506 3254 haec
1555 3190 1845 3254 contulit
1876 3190 2067 3255 Deus
2101 3210 2224 3272 po-

338 3290 526 3372 ·pulo
586 3308 715 3353 suo
774 3308 898 3371 per
947 3287 1244 3352 studium
1292 3294 1362 3351 et
1415 3308 1690 3371 operam
1745 3288 1998 3353 domini
2042 3290 2225 3354 Boa-

349 3387 721 3464 mundi,·et
746 3407 869 3470 per
897 3387 1027 3451 hoc
1068 3387 1580 3470 exploratorum
1622 3388 1839 3470 pestis
1875 3381 1983 3452 ¹in
2025 3396 2220 3471 parte

346 3486 638 3571 quievit.

346 3662 454 3739 Do
512 3659 977 3749 convalescentia
1017 3659 1193 3726 dumis
1241 3658 1569 3745 Godosridi
1608 3658 1687 3725 ab
1734 3661 2113 3745 infimvitato,
2168 3670 2225 3727 ot

972 3759 1354 3845 aeydtudinis
1381 3781 1592 3826 causa.

458 3882 775 3948 Surrexit
799 3890 1132 3965 praeterea
1158 3884 1232 3947 in
1267 3883 1572 3948 exercitu
1604 3884 1845 3964 ingens
1870 3883 2113 3948 laetitia
2141 3882 2226 3945 de
2251 3906 2461 3947 ιιιωαοι.

353 3983 910 4049 convalescentia
969 3982 1162 4046 ducis
1222 3979 1602 4060 Godesridi,
1668 3982 1789 4065 qui
1849 3982 1935 4046 de
1997 3982 2226 4046 valida
2250 3958 2442 4056 ὧῗιῖιξγ.

352 4082 786 4165 aegritudinis
814 4082 1130 4146 molestia
1158 4081 1358 4163 plene
1386 4082 1746 4146 restitutus
1775 4087 1881 4145 est
1906 4081 2224 4159 sanitati3

351 4187 714 4264 receperat
783 4200 1080 4264 namque
1149 4180 1333 4264 apud
1392 4179 1831 4246 Antiochiam
1903 4180 2230 4244 minorem

427 4419 446 4453 ¹
483 4412 957 4486 lupa-tem]
991 4404 1272 4467 Wendovei·
1333 4417 1454 4467 badi
1484 4422 1537 4467 ιο
1568 4419 1652 4468 the
1682 4433 1828 4482 camp
1860 4418 2233 4468 etthoen-uu-

356 4491 456 4540 bas
509 4492 628 4541 here
680 4488 1272 4538 omittedtheaccount
1333 4488 1467 4538 ders.
1550 4482 1978 4551 CompareWill.
2017 4488 2140 4549 Tyr.
2183 4502 2235 4549 p.

362 4562 515 4624 given
533 4563 603 4623 by
622 4558 847 4608 william
869 4557 928 4606 of
951 4557 1161 4619 Tyreof
1185 4557 1271 4606 the
1334 4561 1450 4621 996,
1485 4557 1609 4607 with
1654 4559 1856 4608 Robert.
1893 4557 2132 4607 Monach.
2186 4571 2239 4618 p.

361 4631 598 4692 embassy
614 4635 724 4679 sent
737 4629 808 4691 by
822 4627 906 4677 the
922 4627 1090 4691 caliph
1111 4629 1273 4678 Most·
1337 4632 1423 4678 61.

468 4720 625 4767 VOL.
673 4720 745 4765 11.
1900 4718 1948 4763 H
