3457 5887
1181 806 1313 874 3¹76
1651 821 1918 871 uocum
1966 820 2061 870 nu
2106 819 2520 868 wunnovssu

869 998 978 1039 Δ».
999 994 1111 1037 nu·
1185 998 1310 1043 rex
1341 977 1726 1062 Anglorum
1759 979 2010 1058 senior,
2042 999 2199 1044 cum
2245 978 2550 1043 audisset
2583 977 2884 1042 militiam
2920 976 3057 1041 Ri-

868 1046 1027 1138 m
1025 1059 1070 1137 1⁸12
1189 1078 1425 1143 chardi
1483 1078 1605 1143 filii
1671 1080 1780 1143 sui
1842 1080 2077 1144 urbem
2155 1078 2597 1144 santonicam
2658 1096 3055 1160 occupasse,

870 1149 1042 1189 ’ω’
1190 1177 1481 1261 sumptis
1523 1197 1755 1243 secum
1800 1178 2375 1255 Pictaviensibus,
2409 1177 2497 1242 ad
2527 1176 2675 1260 ejus
2714 1177 3058 1241 liberatio-

1192 1296 1349 1342 nem
1391 1278 1771 1360 processit;
1833 1278 2086 1342 milites
2126 1277 2229 1341 illi
2282 1296 2408 1341 nec
2453 1276 2608 1340 Deo
2651 1295 2815 1339 neve
2856 1294 3062 1338 sanc-

1193 1383 1285 1442 tae
1317 1377 1623 1442 ecclesiae
1664 1377 2114 1442 reverentiam
2154 1375 2576 1452 exhibentes,
2610 1375 2936 1459 majorem
2964 1375 3066 1437 in-

1194 1476 1413 1558 gressi
1448 1476 1830 1554 ecclesiam,
1864 1477 2219 1559 ipsamque
2254 1476 2328 1538 in
2358 1473 2720 1539 castellum
2762 1472 3069 1555 redigen·

1195 1583 1325 1652 tes,
1353 1576 1562 1639 armis
1588 1583 1661 1639 et
1686 1574 2098 1640 victualibus
2125 1574 2601 1658 impleverunt.
2639 1573 2819 1637 Cum
2843 1581 3069 1636 autem

1196 1693 1320 1737 rex
1351 1673 1583 1739 hostes
1617 1675 1688 1738 in
1718 1675 1940 1738 tribus
1969 1674 2457 1738 munitionibus
2492 1672 2846 1736 considere
2872 1671 3069 1735 edoc-

1197 1781 1312 1837 tus
1364 1772 1630 1850 fuisset,
1679 1773 1769 1837 ad
1820 1792 1940 1837 eos
1994 1772 2452 1837 invadendum
2495 1790 2775 1854 operam
2813 1772 3064 1853 impen-

1197 1871 1341 1953 dit;
1402 1872 1670 1937 duabus
1711 1872 1925 1955 igitur
1973 1872 2464 1937 munitionibus
2512 1871 2699 1935 illico
2744 1870 3059 1953 subjuga-

1201 1970 1316 2048 tis,
1361 1971 1449 2035 ad
1507 1971 1834 2055 majorem
1888 1972 2242 2035 ecclesiam
2300 1970 2632 2035 militibus
2676 1970 2953 2033 armatis
2992 1978 3061 2032 et

1201 2069 1780 2135 lenocinatoribus
1854 2070 2172 2135 refertam
2237 2070 2554 2147 accessit,
2613 2070 2715 2133 ita
2789 2077 2872 2132 ut
2932 2087 3064 2131 non

1204 2187 1357 2233 eam
1399 2170 1857 2253 impugnaret,
1890 2169 2011 2234 sed
2050 2189 2095 2234 a
2125 2168 2438 2234 sordibus
2480 2169 2843 2247 liberaret;
2889 2167 3068 2249 capti

1206 2275 1369 2333 sunt
1409 2276 1640 2333 autem
1685 2276 1828 2333 tam
1871 2269 1944 2333 in
1995 2268 2286 2334 ecclesia
2329 2289 2537 2353 quam
2583 2270 2656 2332 in
2708 2267 2866 2331 aliis
2906 2267 3068 2331 locis

1208 2368 1456 2432 milites
1499 2369 1865 2452 sexaginta
1910 2387 2063 2432 cum
2115 2368 2488 2432 balistariis
2531 2366 3071 2452 quadringentis.

1209 2466 1468 2532 Positis
1513 2468 1727 2551 igitur
1774 2468 1847 2531 in
1893 2466 2260 2533 securitate
2313 2467 2561 2532 finibus
2604 2467 2762 2543 illis,
2816 2484 2946 2529 rex
2999 2465 3071 2529 in

1208 2564 1279 2630 N
1281 2568 1703 2632 ormanniam
1728 2586 2042 2632 reversus
2070 2574 2178 2631 est
2209 2568 2608 2632 necessitate
2638 2564 3069 2648 compulsus3

1206 2659 1599 2749 Philippus¹
1624 2667 1831 2745 enim,
1853 2687 2079 2732 comes
2116 2666 2577 2743 Flandrensis,
2597 2670 2926 2748 prasente
2959 2684 3068 2728 re-

1206 2782 1294 2845 ge
1340 2763 1762 2831 Francorum
1810 2767 2177 2832 Lodowico
2232 2773 2302 2831 et
2344 2766 2711 2851 majoribus
2750 2762 2948 2846 reg-ni
2986 2763 3070 2826 il-

1207 2863 1365 2941 lius,
1397 2865 1604 2929 tactis
1645 2866 2102 2931 sacrosanctis
2143 2866 2446 2950 reliquiis
2478 2865 2858 2950 juraverat,
2890 2862 3073 2947 quod

1208 2962 1388 3028 infra
1433 2963 1578 3029 dies
1627 2966 2012 3049 quindecim
2053 2974 2212 3048 post
2253 2967 2519 3030 instans
2566 2966 2818 3030 festum
2860 2964 3078 3027 sancti

1208 3061 1254 3126 J
1260 3061 1550 3128 ohannis
1598 3064 1670 3129 in
1721 3083 1930 3129 manu
1971 3066 2256 3129 robusta
2299 3063 2625 3148 Angliam
2679 3065 2974 3128 intraret
3013 3070 3079 3126 et

1208 3163 1392 3244 reg-is
1454 3181 1607 3227 eam
1668 3163 1951 3247 juvenis
2012 3164 2379 3248 subjiceret
2446 3163 2804 3246 potestati.
2925 3161 3077 3239 Qua

1208 3261 1457 3326 fiducia
1498 3282 1623 3326 rex
1652 3261 1891 3345 junior
1935 3270 2200 3328 tractus
2233 3262 2450 3346 pridie
2490 3262 2644 3327 idus
2678 3261 2727 3326 J
2731 3261 2858 3325 ulii
2898 3261 3074 3344 apud

1209 3360 1533 3426 Witsand
1578 3362 1791 3439 venit,
1837 3361 2281 3446 Radulphum
2331 3362 2417 3426 de
2466 3362 2540 3426 la
2582 3361 2771 3425 Haie
2816 3362 2893 3426 in
2939 3358 3076 3424 An-

1207 3459 1422 3540 gliam
1459 3480 1613 3524 cum
1664 3460 1883 3525 multa
1931 3461 2180 3526 militia
2228 3461 2794 3540 transmissurus3
2854 3480 3074 3525 comes

1213 3557 1654 3624 Flandrensis
1686 3567 2028 3625 trecentos
2053 3574 2125 3625 et
2150 3561 2525 3626 octodecim
2555 3560 2810 3625 milites
2839 3561 3074 3643 proba-

1209 3658 1510 3722 tissimos
1559 3659 1645 3724 ad
1694 3659 2273 3724 transfretandum
2329 3660 2683 3744 praemisit‚
2725 3659 2844 3724 sed
2888 3667 3075 3742 post-

1206 3774 1414 3836 quam
1453 3758 1636 3840 apud
1661 3751 2099 3823 'Arewellam
2131 3760 2203 3824 in
2235 3758 2560 3843 Angliam
2590 3768 2759 3824 suut
2781 3758 3071 3841 appulsi,

1205 3853 1468 3919 decimo
1497 3864 1747 3922 octavo
1781 3857 2110 3923 kalendas
2145 3859 2194 3924 J
2198 3859 2343 3936 ulii,
2375 3859 2580 3924 sociis
2615 3879 2844 3923 eorum
2878 3877 3075 3922 max-

1206 3954 1344 4016 ima
1394 3973 1483 4018 ex
1538 3962 1735 4037 parte
1788 3958 2216 4040 periclitatis,
2262 3958 2633 4041 Hugouem
2693 3957 2920 4041 Bigod
2961 3978 3075 4022 co·

1206 4052 1439 4116 mitem
1505 4071 1733 4118 secum
1794 4056 1980 4122 illico
2037 4065 2574 4142 assumpserunt.
2682 4058 3078 4125 Nor-wicum

1204 4151 1604 4216 invadentes
1651 4163 1982 4237 ceperunt
2024 4164 2094 4221 et
2142 4157 2479 4223 infinitam
2521 4158 2681 4223 inde
2720 4159 3073 4242 pecuniam

1206 4251 1654 4329 sustulerunt,
1694 4254 1949 4320 multos
1991 4256 2426 4322 abduxerunt
2467 4257 2781 4341 captivos
2816 4257 3074 4322 decimo

1208 4359 1454 4432 quarto
1497 4350 1827 4417 kalendas
1872 4354 2046 4419 Julii
2098 4362 2170 4420 et
2211 4357 2298 4420 ad
2350 4356 2879 4440 redemptionem
2923 4375 3075 4438 gra-

1279 4525 1618 4590 'Pkilippufl
1654 4527 1852 4590 Diceto,
1875 4528 1969 4579 col.
1995 4534 2107 4580 5⁷5.
2163 4527 2251 4649 Η*
2272 4529 2571 4649 Αζὲἷεὶἱαιι.
2607 4526 2633 4600 ]
2692 4531 2902 4590 Amen,
2956 4544 3069 4578 near

2216 4614 2340 4648 arm
2407 4635 2419 4648 .
