3457 5887
958 873 1233 923 rmus
1277 872 1813 921 ms'ronmnuu,
2179 858 2308 923 427

445 1050 568 1095 rex
606 1029 1025 1096 Francorum
1054 1038 1126 1095 et
1156 1028 1541 1114 Philippus,
1570 1049 1803 1096 comes
1849 1030 2310 1111 Flandrensis,
2333 1048 2443 1089 n>-
2465 1048 2576 1089 ¹1⁸⁸·

444 1149 712 1195 crucem
736 1138 1081 1194 sumentes
1098 1131 1482 1213 exemplum
1510 1130 1664 1195 aliis
1690 1132 2118 1213 potissimum
2138 1152 2314 1216 prae-

444 1231 778 1311 buerunt;
828 1231 1008 1294 unde
1037 1239 1176 1295 tam
1219 1231 1292 1294 in
1330 1230 1636 1314 imperio,
1659 1250 1868 1313 quam
1898 1231 1984 1295 de
2020 1239 2317 1316 utroque

447 1349 662 1412 regno
697 1349 933 1412 regum
970 1329 1473 1412 praedictorum,
1503 1328 2021 1414 archiepiscopi,
2054 1333 2318 1414 episco-

449 1430 547 1511 pi,
580 1429 810 1506 duces,
846 1427 1270 1493 marchiones
1322 1437 1393 1494 et
1436 1429 1742 1507 comites,
1783 1430 2102 1508 barones,
2142 1431 2317 1495 mili-

449 1535 556 1592 tes
595 1536 666 1593 et
700 1528 941 1593 mediae
974 1547 1221 1593 manus
1261 1527 1569 1593 homines
1608 1528 1993 1613 vulgusque
2031 1531 2320 1612 promis-

451 1645 652 1692 cuum
687 1646 959 1693 crucem
997 1628 1369 1693 animosius
1400 1637 1868 1712 susceperunt.
1955 1628 2319 1694 Provisum

454 1734 559 1792 est
589 1728 796 1792 etiam
835 1728 1018 1791 inter
1054 1745 1196 1805 eos,
1241 1734 1322 1791 ut
1363 1746 1597 1792 omnes
1637 1729 1725 1793 de
1760 1748 1975 1811 regno
2020 1729 2323 1793 Franco-

452 1846 603 1891 rum
664 1844 902 1891 crnces
960 1826 1231 1902 rubeas,
1291 1826 1378 1890 de
1434 1827 1638 1891 terris
1696 1829 1878 1909 regis
1940 1826 2322 1911 Anglorum

454 1927 673 2003 albas,
717 1926 804 1989 de
856 1930 1040 1988 terra
1084 1924 1356 1988 comitis
1417 1924 1860 1990 Flandrensis
1898 1926 2151 1992 virides
2201 1929 2326 1993 ha-

456 2025 697 2089 berent
727 2041 990 2088 cruces.
1082 2023 1194 2087 De
1235 2023 1436 2088 terris
1479 2031 1735 2102 autem,
1773 2024 2074 2088 castellis
2112 2034 2184 2090 et
2218 2046 2325 2091 re-

463 2125 595 2187 bus
655 2123 967 2187 omnihus
1019 2141 1238 2205 usque
1291 2130 1573 2206 peracta
1629 2123 2201 2206 peregrinatione,
2255 2132 2326 2189 et

462 2221 750 2305 quilibet
794 2241 1026 2286 eorum
1073 2224 1146 2287 in
1189 2229 1374 2287 terra
1413 2241 1545 2287 sua
1587 2223 2046 2305 quadraginta
2090 2223 2330 2288 diebus

462 2341 721 2387 moram
781 2321 1077 2399 fecisset,
1137 2322 1371 2386 omnia
1421 2329 1651 2386 essent
1695 2323 1767 2385 in
1819 2342 1901 2387 eo
1957 2329 2141 2387 statu
2193 2341 2330 2406 quo

462 2420 740 2487 fuerunt
761 2422 836 2485 in
869 2421 979 2485 die
1007 2440 1145 2504 quo
1176 2440 1445 2485 crucem
1470 2429 1940 2505 susceperunt.

471 2611 672 2691 Quare
698 2608 1080 2688 Richardus,
1109 2630 1293 2674 comes
1317 2609 1756 2687 PictaviemiS,
1788 2610 2063 2677 animm
2092 2629 2273 2676 mom
2295 2630 2342 2675 a

1101 2717 1292 2794 patre
1317 2709 1700 2773 alienaverit.

570 2826 800 2898 Circa¹
837 2830 982 2896 dies
1013 2831 1187 2896 istos
1217 2829 1594 2896 Gaufridus
1622 2831 1707 2895 de
1744 2830 2095 2897 Liziniaco
2122 2851 2338 2915 quen·
2361 2845 2576 2939 Ἔπη

472 2932 628 2996 dam
697 2931 1066 3008 Richardo‚
1130 2932 1361 2997 comiti
1433 2929 1878 3010 Pictaviensi,
1938 2930 2341 2997 familiarem

474 3031 754 3097 structis
807 3031 1073 3096 insidiis
1125 3031 1511 3111 interfecit3
1570 3032 1644 3095 in
1685 3031 1867 3095 tanti
1914 3051 2081 3095 vero
2135 3031 2341 3097 ultio-

473 3151 627 3195 nem
678 3130 909 3196 delicti
952 3150 1179 3195 comes
1229 3131 1320 3195 ad
1358 3148 1551 3194 arma
1582 3138 2019 3213 provocatur,
2063 3131 2183 3195 sed
2226 3149 2344 3196 ac·

473 3238 692 3313 ceptae
745 3231 967 3295 crucis
1025 3250 1164 3295 non
1205 3231 1559 3294 immemor
1596 3230 1911 3294 omnibus
1961 3230 2345 3295 hominibus

479 3328 796 3395 Gaufridi
827 3329 1048 3395 crucis
1081 3329 1436 3411 signaculo
1468 3329 1779 3412 insigniri
1810 3329 2196 3394 volentibus
2227 3349 2349 3413 pe-

477 3429 718 3511 percit,
772 3429 945 3493 alios
989 3430 1060 3492 in
1115 3449 1233 3493 ore
1286 3428 1499 3511 gladii
1555 3427 1921 3507 interfecit,
1983 3435 2055 3493 et
2107 3428 2181 3493 in
2229 3430 2347 3494 de·

483 3527 804 3593 ditionem
844 3527 1048 3610 plura
1079 3527 1364 3592 castella
1398 3527 1741 3609 suscepit3
1787 3527 1909 3592 sed
1948 3526 2349 3607 Gaufridus,

481 3627 666 3709 regis
696 3625 1083 3708 Anglorum
1123 3627 1339 3692 fultus
1379 3627 1672 3710 pecunia
1701 3635 1775 3691 et
1817 3627 2101 3705 auxilio,
2137 3635 2216 3692 ut
2248 3627 2349 3692 di-

482 3728 787 3802 cebatur,
830 3726 1180 3791 Richardo
1224 3728 1455 3792 comiti
1497 3726 1751 3791 restitit
1792 3733 1863 3791 et
1904 3746 2145 3810 parum
2190 3746 2349 3810 pro·

479 3824 667 3902 fecit,
713 3826 895 3890 unde
942 3826 1124 3890 idem
1179 3845 1405 3891 comes
1459 3825 1761 3891 animum
1810 3846 2012 3893 suum
2062 3845 2106 3891 a
2153 3833 2351 3910 patre

482 3925 828 3989 alienavit.
905 3923 1240 3989 Gaufrido
1282 3926 1521 4008 itaque
1557 3933 1905 4008 superato,
1949 3945 2175 3991 comes
2213 3935 2351 3992 ter-

481 4043 629 4090 ram
666 4024 931 4088 comitis
962 4023 1340 4089 Tholosani
1382 4024 1723 4090 hostiliter
1763 4025 2137 4108 ingressus,
2174 4026 2354 4110 inju-

483 4124 700 4188 riatus
736 4125 825 4188 ab
856 4124 1030 4207 ipsc,
1066 4125 1250 4189 intra
1279 4125 1484 4189 breve
1517 4125 1843 4207 temporis
1875 4127 2174 4209 spatium
2205 4144 2356 4190 cas-

486 4222 653 4287 tella
694 4223 844 4307 ejus
886 4224 1345 4306 septendecim
1396 4223 1816 4308 subjugavit.
1922 4224 2082 4289 Rex
2129 4230 2356 4287 autem

496 4322 912 4387 Francorum
961 4322 1241 4405 indigne
1286 4321 1506 4386 ferens
1550 4322 1733 4406 quod
1788 4342 2016 4387 comes
2072 4321 2361 4387 Richar-

495 4422 622 4486 dus
669 4430 921 4487 terram
963 4424 1231 4488 comitis
1279 4419 1654 4485 Tholosani
1695 4423 2045 4503 ingressus
2097 4419 2363 4500 fuisset,

731 4643 746 4676 ¹
774 4647 918 4698 Circa
938 4646 1039 4697 dies
1061 4640 1224 4715 istem]
1259 4644 1517 4708 Abridged
1538 4644 1663 4695 from
1686 4645 1885 4710 Diceto,
1909 4646 2004 4697 col.
2027 4650 2138 4697 6³9.
