3457 5887
1008 830 1285 881 nonus
1330 831 1865 883 msa-onmium.
2286 820 2372 885 13

487 989 835 1053 manniam
878 988 1217 1053 transiens
1269 989 1342 1052 in
1389 1006 1598 1051 manu
1653 987 1923 1069 potenti
1969 987 2102 1052 sibi
2147 988 2369 1054 Ceno·
2396 1010 2502 1051 ω
2525 1012 2634 1051 im.

487 1089 835 1152 manniam
885 1087 1323 1172 subjugavit3
1370 1087 1491 1151 sed
1522 1086 1737 1167 Angli
1785 1088 1857 1150 in
1905 1085 2035 1151 hac
2086 1090 2368 1170 expedi·
2394 1121 2470 1149 eon
2443 1121 2598 1159 aqum

487 1188 697 1265 tione,
730 1190 957 1264 urbes,
990 1189 1178 1252 vicos
1210 1180 1327 1252 et¹
1342 1188 1581 1250 vineas
1609 1205 1766 1250 cum
1800 1185 2110 1267 frugibus
2145 1206 2367 1270 popu-

489 1286 737 1364 lantes,
769 1306 1037 1352 omnem
1068 1287 1491 1368 provinciam
1525 1286 1918 1350 debiliorem
1951 1286 2169 1351 multo
2208 1294 2367 1368 post

488 1393 795 1469 tempore
838 1386 1278 1451 reddiderunt
1313 1405 1333 1464 3
1389 1384 1656 1461 deinde,
1694 1385 1866 1448 bene
1911 1385 2225 1450 omnibus
2270 1386 2366 1450 ibi

490 1484 861 1567 dispositis,
892 1486 981 1549 ad
1014 1485 1336 1567 Angliam
1375 1484 1868 1548 transfretavit.
1973 1484 2058 1547 In
2099 1484 2227 1549 hoc
2271 1483 2365 1547 si-

491 1584 763 1666 quidem
807 1603 1011 1661 anno,
1056 1577 1355 1647 ²duobus
1399 1584 1596 1647 annis
1635 1582 1907 1664 magnis
1953 1584 2282 1648 revolutis
2321 1604 2366 1648 a

490 1684 731 1765 quinto
778 1684 1038 1747 decimo
1088 1702 1266 1747 anno
1309 1682 1563 1747 Tiberii
1607 1681 1927 1759 Caesaris,
1971 1684 2200 1747 omnia
2257 1702 2366 1747 se-

490 1783 783 1846 cundum
842 1801 1114 1846 cursum
1188 1782 1355 1847 solis
1417 1790 1488 1845 et
1543 1782 1724 1845 lunae
1783 1781 2201 1846 concordant
2262 1782 2364 1845 illi

489 1900 692 1958 anno,
734 1898 870 1964 quo
917 1882 1303 1965 baptizatus
1357 1888 1465 1945 est
1496 1880 1811 1945 Christus
1840 1879 1887 1944 J
1893 1900 2073 1955 esus,
2116 1881 2186 1944 id
2232 1889 2360 1958 est,

487 1988 734 2046 octavo
782 1982 935 2045 idus
980 1980 1027 2045 J
1032 1982 1297 2045 anuarii
1340 1980 1449 2044 die
1495 1978 1902 2063 Epiphaniae
1948 1988 2019 2044 et
2061 1980 2172 2045 die
2217 1979 2362 2044 Do-

488 2081 760 2156 minica‚
791 2081 1059 2144 initium
1079 2079 1327 2163 jejunii
1359 2079 1507 2163 ejus
1537 2080 1609 2143 in
1645 2079 1952 2143 secunda
1981 2078 2175 2156 seria,
2209 2087 2360 2143 ten-

488 2179 664 2242 tatio
717 2180 869 2263 ejus
916 2178 1174 2242 decimo
1220 2179 1458 2261 quinto
1505 2177 1835 2242 kalendas
1879 2177 2144 2255 Martii,
2192 2177 2362 2243 seria

490 2284 746 2357 sexta3
811 2276 1017 2341 habet
1070 2283 1300 2341 autem
1347 2295 1638 2357 magnus
1698 2295 1920 2340 annus
1977 2277 2154 2359 cycli
2202 2294 2359 2359 pas-

485 2375 704 2439 chalis
737 2376 961 2441 decies
988 2375 1224 2440 novies
1256 2394 1472 2440 annos
1503 2374 1750 2456 viginti
1779 2382 1960 2451 octe,
1994 2376 2113 2457 qui
2155 2376 2360 2440 simul

479 2474 704 2558 juncti
737 2475 999 2539 faciunt
1028 2493 1244 2538 annos
1276 2474 1689 2557 quingentos
1720 2474 2006 2555 triginta
2036 2473 2232 2538 duos.

900 2646 994 2709 De
1021 2645 1374 2710 sowadalo
1346 2668 1416 2710 m
1442 2645 1690 2710 ecclesia
1721 2655 1943 2711 exorto.

2395 1060 2579 1100 william

2394 1161 2553 1201 usim.

587 2768 791 2833 Anno
821 2770 1100 2835 Domini
1134 2787 1451 2835 unxxw
1485 2770 1865 2852 Gregorius
1907 2769 2087 2834 sedit
2128 2770 2200 2834 in
2243 2789 2360 2835 ca-
2383 2785 2564 2875 &mna-1
2517 2786 2627 2826 1⁰⁷⁴.

486 2867 731 2932 thedra
772 2868 1091 2932 Romana
1142 2870 1340 2933 annis
1385 2869 1763 2948 duodecim,
1809 2889 2040 2934 mense
2087 2889 2224 2935 uno
2288 2878 2360 2934 et
2383 2886 2559 2926 couneu-

489 2968 708 3031 tribus
740 2968 1001 3033 diebus.
1104 2968 1249 3032 Iste
1281 2988 1464 3052 papa
1491 2970 1564 3032 in
1591 2963 1887 3051 ³synodo
1923 2970 2226 3049 generali
2265 2971 2360 3034 si-

490 3068 840 3132 moniacos
868 3068 1506 3143 excommunicavit,
1540 3075 1872 3131 uxoratos
1900 3068 2288 3132 sacerdotes
2319 3087 2364 3131 a

489 3165 726 3230 divino
756 3167 1045 3231 removit
1077 3165 1297 3230 officio
1331 3174 1401 3230 et
1438 3165 1632 3229 laicis
1677 3166 1920 3229 missas
1965 3186 2197 3231 eorum
2242 3186 2363 3229 an-

487 3264 632 3328 dire
658 3264 1034 3342 interdixit,
1070 3283 1251 3329 novo
1281 3265 1596 3347 exemplo
1629 3271 1722 3341 et,
1759 3273 1836 3329 ut
1869 3266 2103 3328 multis
2138 3265 2361 3330 visum

484 3372 613 3441 est,
653 3363 1152 3428 inconsiderato
1186 3362 1471 3447 judicio,
1515 3370 1759 3427 contra
1800 3371 2190 3428 sanctorum
2233 3383 2358 3446 pa-

486 3470 668 3526 trum
733 3464 1163 3540 sententiam,
1218 3463 1334 3544 qui
1387 3463 1829 3545 scripserunt,
1885 3463 2067 3544 quod
2128 3481 2360 3526 sacra-

387 3575 390 3578 ’
488 3569 739 3638 menta,
775 3582 928 3644 quae
971 3561 1043 3625 in
1086 3560 1375 3625 ecclesia
1416 3560 1613 3638 fiunt,
1642 3561 2007 3643 baptisma,
2040 3561 2358 3639 chrisma,

488 3681 736 3744 corpus
770 3660 1026 3724 Christi
1052 3669 1123 3725 et
1152 3660 1457 3741 sanguiS,
1490 3659 1753 3742 Spiritu
1781 3660 2212 3726 invisibiliter
2243 3681 2359 3726 co-

485 3768 834 3842 operante,
860 3760 1224 3823 eorundem
1248 3767 1829 3823 sacramentorum
1857 3760 2168 3824 effectum
2203 3760 2359 3843 [ha-

485 3858 751 3940 beant],
782 3878 904 3923 seu
935 3879 1058 3941 per
1078 3858 1318 3934 bonos,
1345 3877 1467 3922 seu
1495 3878 1617 3940 per
1647 3858 1865 3923 malos
1887 3859 2070 3923 intra
2094 3859 2228 3923 Dei
2251 3879 2361 3923 ec-

484 3958 761 4022 clesiam
799 3958 1314 4040 dispensentur3
1366 3965 1594 4021 tamen
1632 3958 1796 4039 quia
1827 3957 2122 4040 Spiritus
2155 3958 2366 4022 Sanc-

556 4181 571 4211 ¹
613 4181 858 4246 Vineam-J
895 4183 912 4212 ‘
934 4182 1043 4232 laid
1076 4188 1239 4232 waste
1268 4182 1398 4231 their
1447 4180 1465 4209 ‘
1483 4181 1690 4232 Grande
1711 4182 1999 4244 Chi-unique
2020 4183 2086 4232 de
2108 4183 2357 4233 Matthieu

482 4254 771 4314 vineyards,
803 4253 904 4302 aad
937 4253 1130 4302 burned
1161 4252 1292 4302 their
1324 4253 1397 4301 ci·
1448 4252 1624 4311 Parin
1663 4265 1759 4312 par
1782 4253 2044 4302 Huillard-
2047 4249 2356 4314 Brebolles3’

485 4322 1781 4382 tiessssax.chron.Pa1-is,1840.

551 4390 575 4422 ²
596 4392 794 4441 Duobus
812 4393 953 4440 annis
972 4386 1207 4459 unguis]
1244 4391 1393 4452 Upon
1513 4388 1746 4455 'Synodo
1785 4391 2044 4452 gaetuli,-
2079 4391 2102 4454 ]
2145 4390 2263 4440 held
2305 4396 2359 4441 at

480 4462 584 4511 this
605 4476 840 4524 passage,
860 4461 961 4511 and
981 4462 1064 4510 the
1086 4475 1221 4510 error
1237 4460 1294 4509 of
1308 4460 1392 4509 the
1444 4459 1617 4510 Rome.
1683 4461 1790 4510 'Hie
1819 4461 2143 4523 proceedings
2173 4461 2233 4509 of
2258 4461 2358 4509 this

482 4532 762 4594 Dionysian
783 4531 923 4591 cycle
943 4532 1141 4580 noticed
1162 4530 1355 4580 below'
1340 4541 1392 4578 ιιι
1443 4529 1640 4579 council
1661 4545 1748 4578 are
1780 4530 1977 4592 printed
2011 4532 2078 4592 by
2103 4530 2358 4590 Harduin,

487 4605 630 4662 10⁷6,
652 4616 735 4650 see
755 4605 865 4649 note
887 4597 923 4661 ¹,
937 4605 991 4649 at
1008 4600 1093 4649 the
1114 4600 1212 4650 end
1232 4600 1290 4648 of
1307 4599 1391 4648 the
1442 4599 1511 4649 vi.
1532 4601 1629 4649 col.
1657 4603 1800 4650 1521.
