3457 5887
856 845 1133 893 smnus
1184 843 1717 893 msvoauamf.
2077 828 2207 893 159

337 1000 811 1082 praesignavit,
870 999 1033 1063 licet
1103 999 1569 1081 experimenta
1626 1000 1764 1063 alia
1827 1019 1963 1065 non
2015 1002 2207 1066 dees-
2227 1021 2338 1064 mn.
2358 1022 2468 1062 noo.

338 1105 520 1163 sent.
626 1099 811 1163 Nam
857 1096 1252 1175 AnselmuS,
1310 1096 1822 1163 Cantuariensis
1869 1100 2204 1184 archiepi-

339 1217 618 1281 scopus,
647 1199 735 1262 ob
766 1197 952 1261 illius
984 1197 1409 1280 tyrannidem
1445 1218 1566 1280 per
1605 1199 1968 1262 triennium
2013 1207 2203 1264 trans

338 1316 531 1360 mare
568 1296 829 1380 pulsus,
864 1315 908 1359 a
947 1297 1175 1361 Roma
1202 1296 1758 1361 Marcenniacum
1793 1299 1981 1362 venit
2024 1299 2206 1364 circa

339 1395 675 1460 kalendas
692 1395 1015 1477 Augusti,
1053 1404 1133 1460 ut
1169 1397 1392 1460 sancti
1427 1395 1777 1478 Hugonis,
1801 1397 2205 1463 Cluniacen-

338 1495 441 1557 sis
473 1497 765 1573 abbatis,
798 1495 1135 1577 colloquio
1168 1495 1545 1573 frueretur3
1591 1496 1708 1560 ubi
1741 1516 1896 1560 cum
1925 1496 2010 1560 de
2042 1517 2204 1577 rege

340 1593 696 1658 Willelmo
744 1596 922 1658 inter
958 1614 1075 1658 eos
1122 1613 1347 1659 sermo
1388 1594 1775 1672 haberetur,
1829 1596 2040 1659 abbas
2089 1597 2204 1660 ille

338 1694 750 1757 venerabilis
814 1693 1325 1776 archiepiscopo
1368 1694 1786 1776 respondens
1840 1696 1967 1759 sub
2013 1697 2208 1759 testi-

337 1793 574 1857 monio
604 1793 839 1856 intulit
873 1794 1206 1870 veritatis,
1232 1802 1250 1827 ⁶
1275 1793 1603 1857 Proxima
1631 1801 1830 1858 nocte
1858 1797 2206 1876 proeterita

336 1892 490 1956 vidi
537 1912 766 1975 regem
816 1892 1008 1955 illum
1064 1899 1226 1956 ante
1267 1892 1586 1956 thronum
1642 1893 1776 1957 Dei
1838 1893 2205 1958 adductum

340 1999 422 2056 et
455 1999 877 2067 accusatum,
916 1999 987 2055 et
1028 2010 1073 2055 a
1106 1991 1300 2074 justo
1343 1991 1386 2055 J
1394 1992 1591 2056 udice
1632 1991 2084 2057 damnationis
2131 1994 2206 2057 in

260 2079 263 2082 ’
338 2091 544 2154 illum
605 2090 1012 2154 sententiam
1068 2090 1568 2172 promulgatam
1590 2091 1632 2170 ς’
1694 2091 1838 2168 sed,
1870 2092 2208 2174 quomodo

346 2189 527 2252 illud
569 2190 797 2266 sciret,
832 2208 957 2252 nec
993 2188 1139 2272 ipse
1182 2196 1346 2253 tunc
1389 2191 1732 2272 exposuit,
1780 2209 1905 2254 nec
1953 2191 2212 2256 archie-

352 2289 705 2372 piscopus,
737 2294 1016 2370 propter
1069 2287 1255 2351 illius
1317 2289 1751 2353 eminentiam
1805 2290 2212 2367 sanctitatis,

348 2406 483 2452 nec
522 2388 698 2451 alius
736 2386 1156 2451 audientium
1197 2387 1482 2470 quilibet
1528 2389 2000 2471 [percontatus
2049 2389 2213 2470 estJ.

350 2486 532 2551 Item
564 2488 876 2569 sequenti
923 2487 1057 2564 die,
1092 2507 1245 2551 cum
1279 2487 1830 2570 archiepiscopus
1864 2488 2023 2551 inde
2064 2507 2216 2570 pro-

349 2605 628 2666 gressus
683 2586 1095 2668 Lugdunum
1146 2587 1471 2663 venisset,
1525 2594 1595 2651 et
1657 2594 1858 2651 nocte
1906 2587 2216 2669 sequenti

346 2685 690 2763 monachi,
717 2687 836 2768 qui
867 2705 1020 2749 cum
1047 2683 1378 2749 Anselmo
1406 2693 1626 2763 erant,
1656 2687 2029 2751 matutinos
2065 2688 2216 2770 ipso

348 2792 692 2867 praesente
740 2785 1244 2862 decantassent,
1282 2804 1440 2849 ecce
1472 2785 1749 2869 juvenis
1790 2787 2087 2868 quidam,
2106 2805 2216 2849 or·

352 2891 527 2949 natu
588 2903 868 2949 serenus
930 2903 1012 2949 ac
1066 2884 1290 2962 vultu,
1355 2883 1599 2950 clerico
1661 2883 1932 2949 cuidam
1999 2886 2217 2969 ipsius

352 2984 874 3066 archiepiscopi,
925 2984 1044 3067 qui
1080 3003 1291 3067 prope
1311 2985 1584 3048 ostium
1619 2985 1907 3049 thalami
1936 2985 2008 3048 in
2040 2985 2217 3049 lecto

344 3083 657 3168 jacebat,
687 3090 758 3147 et
795 3083 1082 3148 necdum
1112 3084 1453 3148 dormiens
1496 3084 1733 3149 oculos
1769 3092 1997 3148 tamen
2030 3085 2219 3148 clau-

352 3202 477 3246 sos
516 3184 814 3259 tenebat,
848 3182 1136 3261 adstitit,
1183 3190 1253 3247 et
1289 3200 1544 3248 vocans
1582 3203 1736 3248 eum
1774 3185 2046 3248 nomine
2097 3202 2220 3247 suo

348 3280 563 3359 dixit,
594 3280 896 3358 ‘Adam,’
926 3281 1211 3365 inquit,‘
1232 3281 1485 3347 dormis
1506 3284 1559 3348 'l’
1609 3284 1720 3346 cui
1748 3302 1905 3347 cum
1936 3283 2221 3347 clericus

346 3381 803 3464 responderet
826 3388 845 3415 ‘
861 3380 1065 3458 Non,'
1085 3381 1186 3444 ait
1207 3386 1227 3415 ‘
1240 3381 1372 3445 Vis
1393 3381 1629 3448 audire
1650 3382 1896 3447 nova'l'
1940 3387 1960 3416 ‘
1974 3380 2220 3446 Liben-

348 3480 899 3563 ter,'respondit;
933 3487 1003 3544 et
1022 3480 1161 3556 ille,
1179 3480 1355 3545 ‘Pro
1381 3482 1615 3558 certo,’
1635 3480 1880 3563 inquit,
1908 3485 1930 3514 ‘
1947 3482 2217 3546 noveris

348 3580 542 3663 quod
599 3587 820 3644 totum
881 3579 1234 3643 dissidium
1288 3580 1471 3644 inter
1517 3580 2096 3663 archiepiscopum
2150 3588 2221 3645 et

349 3700 590 3762 regem
624 3679 1044 3744 Willelmum
1094 3687 1411 3744 exortum
1454 3678 1599 3763 jam
1646 3681 1918 3762 penitus
1960 3689 2068 3743 est
2107 3699 2219 3744 so-

351 3781 580 3862 pitum
603 3780 645 3858 3'
711 3779 798 3842 ad
864 3779 992 3843 hoc
1055 3779 1341 3843 clericus
1403 3779 1694 3843 alacrior
1741 3779 1965 3843 factus
2014 3785 2224 3861 caput

352 3879 607 3955 erexit,
651 3878 772 3942 sed
810 3878 1025 3942 oculis
1060 3879 1315 3962 apertis
1358 3878 1690 3943 neminem
1722 3877 1917 3942 vidit.
2019 3877 2223 3954 Item,

354 3998 520 4042 cum
563 3985 764 4041 nocte
810 3977 1121 4060 proxime
1160 3984 1487 4060 sequente
1522 3997 1699 4041 unus
1748 3996 1839 4042 ex
1876 3976 2226 4041 monachis

353 4078 671 4162 ejusdem
751 4076 1240 4159 archiepiscopi
1308 4077 1394 4141 ad
1451 4077 1824 4141 matutinos
1881 4083 2099 4140 staret
2158 4082 2229 4139 et

353 4183 700 4253 cantaret,
750 4195 905 4241 ecce
958 4176 1233 4260 quidam
1282 4177 1384 4241 illi
1433 4176 1813 4241 chartulam
1863 4175 2226 4239 admodum

355 4296 655 4362 parvam
686 4275 995 4340 exhibuit
1015 4275 1102 4340 ad
1132 4276 1517 4357 legendum,
1544 4294 1751 4358 quam
1778 4275 2053 4339 intuens
2081 4293 2228 4338 mo-

356 4375 626 4440 nachus
657 4379 677 4408 ‘
694 4374 884 4439 Obiit
917 4395 1042 4439 rex
1075 4373 1505 4452 Willelmus,’
1533 4375 1606 4440 in
1654 4394 1737 4439 ea
1766 4375 2091 4458 scriptum
2127 4374 2232 4437 in-

360 4476 587 4554 venit3
623 4476 741 4556 qui
768 4474 1120 4538 confestim
1139 4475 1372 4539 oculos
1400 4475 1710 4557 aperiens
1733 4482 1985 4555 praeter
2010 4472 2232 4535 socios

362 4575 629 4638 nullum
683 4573 869 4638 vidit.
975 4573 1126 4638 Nec
1174 4575 1390 4638 multo
1435 4581 1594 4657 post
1645 4573 1880 4656 elapso
1924 4571 2236 4645 termino,
