<?xml version="1.0" encoding="UTF-8"?>
<!DOCTYPE html PUBLIC "-//W3C//DTD XHTML 1.0 Transitional//EN"
    "http://www.w3.org/TR/xhtml1/DTD/xhtml1-transitional.dtd">
<html xmlns="http://www.w3.org/1999/xhtml" xml:lang="en" lang="en">
 <head>
  <title>
</title>
<meta http-equiv="Content-Type" content="text/html;charset=utf-8" />
  <meta name='ocr-system' content='tesseract 3.04.00' />
  <meta name='ocr-capabilities' content='ocr_page ocr_carea ocr_par ocr_line ocrx_word'/>
</head>
<body>
  <div class='ocr_page' id='page_1' title='image "./rogeridewendove00wendgoog_0349.png"; bbox 0 0 3457 5887; ppageno 0'>
   <div class='ocr_carea' id='block_1_1' title="bbox 937 876 2300 941">
    <p class='ocr_par' dir='ltr' id='par_1_1' title="bbox 937 876 2300 941">
     <span class='ocr_line' id='line_1_1' title="bbox 937 876 2300 941; baseline 0.002 -3"><span class='ocrx_word' id='word_1_1' title='bbox 937 889 1211 938; x_wconf 70' lang='lat' dir='ltr'><strong>nonus</strong></span> <span class='ocrx_word' id='word_1_2' title='bbox 1257 889 1793 941; x_wconf 64' lang='lat' dir='ltr'><strong>msa-ommuni.</strong></span> <span class='ocrx_word' id='word_1_3' title='bbox 2168 876 2300 941; x_wconf 83' lang='lat'><strong>345</strong></span> 
     </span>
    </p>
   </div>
   <div class='ocr_carea' id='block_1_2' title="bbox 414 1048 2561 1432">
    <p class='ocr_par' dir='ltr' id='par_1_2' title="bbox 414 1048 2561 1432">
     <span class='ocr_line' id='line_1_2' title="bbox 416 1048 2561 1131; baseline 0 -19"><span class='ocrx_word' id='word_1_4' title='bbox 416 1049 536 1131; x_wconf 89' lang='lat' dir='ltr'><strong>qui</strong></span> <span class='ocrx_word' id='word_1_5' title='bbox 575 1048 643 1112; x_wconf 90' lang='lat' dir='ltr'><strong>in</strong></span> <span class='ocrx_word' id='word_1_6' title='bbox 689 1048 819 1113; x_wconf 88' lang='lat' dir='ltr'><strong>hac</strong></span> <span class='ocrx_word' id='word_1_7' title='bbox 864 1056 1050 1113; x_wconf 90' lang='lat' dir='ltr'><strong>terra</strong></span> <span class='ocrx_word' id='word_1_8' title='bbox 1092 1049 1291 1115; x_wconf 88' lang='lat' dir='ltr'><strong>nudis</strong></span> <span class='ocrx_word' id='word_1_9' title='bbox 1334 1048 1618 1131; x_wconf 89' lang='lat' dir='ltr'><strong>pedibus</strong></span> <span class='ocrx_word' id='word_1_10' title='bbox 1655 1049 2047 1126; x_wconf 77' lang='lat' dir='ltr'><strong>ambulasti,</strong></span> <span class='ocrx_word' id='word_1_11' title='bbox 2078 1056 2151 1113; x_wconf 89' lang='lat' dir='ltr'><strong>et</strong></span> <span class='ocrx_word' id='word_1_12' title='bbox 2176 1068 2294 1113; x_wconf 90' lang='lat' dir='ltr'><strong>eos</strong></span> <span class='ocrx_word' id='word_1_13' title='bbox 2315 1064 2426 1105; x_wconf 62' lang='lat' dir='ltr'><strong>Ad&gt;-</strong></span> <span class='ocrx_word' id='word_1_14' title='bbox 2448 1063 2561 1104; x_wconf 80' lang='lat'><strong>¹1⁷⁰-</strong></span> 
     </span>
     <span class='ocr_line' id='line_1_3' title="bbox 416 1114 2535 1232; baseline -0.005 -19"><span class='ocrx_word' id='word_1_15' title='bbox 416 1167 545 1231; x_wconf 94' lang='lat' dir='ltr'><strong>pro</strong></span> <span class='ocrx_word' id='word_1_16' title='bbox 587 1168 696 1213; x_wconf 89' lang='lat' dir='ltr'><strong>me</strong></span> <span class='ocrx_word' id='word_1_17' title='bbox 748 1149 819 1212; x_wconf 91' lang='lat' dir='ltr'><strong>in</strong></span> <span class='ocrx_word' id='word_1_18' title='bbox 877 1149 1188 1232; x_wconf 88' lang='lat' dir='ltr'><strong>patibulo</strong></span> <span class='ocrx_word' id='word_1_19' title='bbox 1248 1149 1464 1213; x_wconf 85' lang='lat' dir='ltr'><strong>clavis</strong></span> <span class='ocrx_word' id='word_1_20' title='bbox 1520 1147 1837 1230; x_wconf 87' lang='lat' dir='ltr'><strong>transfigi</strong></span> <span class='ocrx_word' id='word_1_21' title='bbox 1891 1149 2287 1231; x_wconf 90' lang='lat' dir='ltr'><strong>permisisti,</strong></span> <span class='ocrx_word' id='word_1_22' title='bbox 2315 1114 2535 1206; x_wconf 47' lang='lat' dir='ltr'><strong>lmine„</strong></span> 
     </span>
     <span class='ocr_line' id='line_1_4' title="bbox 414 1246 2293 1332; baseline 0 -20"><span class='ocrx_word' id='word_1_23' title='bbox 414 1267 547 1328; x_wconf 86' lang='lat' dir='ltr'><strong>ego</strong></span> <span class='ocrx_word' id='word_1_24' title='bbox 574 1248 896 1331; x_wconf 82' lang='lat' dir='ltr'><strong>deinceps</strong></span> <span class='ocrx_word' id='word_1_25' title='bbox 928 1249 1393 1313; x_wconf 88' lang='lat' dir='ltr'><strong>calceamenta</strong></span> <span class='ocrx_word' id='word_1_26' title='bbox 1413 1246 1699 1329; x_wconf 86' lang='lat' dir='ltr'><strong>pedibus</strong></span> <span class='ocrx_word' id='word_1_27' title='bbox 1734 1267 1873 1312; x_wconf 89' lang='lat' dir='ltr'><strong>uon</strong></span> <span class='ocrx_word' id='word_1_28' title='bbox 1906 1247 2293 1332; x_wconf 91' lang='lat' dir='ltr'><strong>apponam.&#39;</strong></span> 
     </span>
     <span class='ocr_line' id='line_1_5' title="bbox 414 1346 2292 1432; baseline 0.001 -23"><span class='ocrx_word' id='word_1_29' title='bbox 414 1346 687 1412; x_wconf 83' lang='lat' dir='ltr'><strong>Exacto</strong></span> <span class='ocrx_word' id='word_1_30' title='bbox 732 1349 946 1430; x_wconf 87' lang='lat' dir='ltr'><strong>igitur</strong></span> <span class='ocrx_word' id='word_1_31' title='bbox 992 1346 1564 1432; x_wconf 78' lang='lat' dir='ltr'><strong>peregrinationis</strong></span> <span class='ocrx_word' id='word_1_32' title='bbox 1611 1354 1801 1426; x_wconf 83' lang='lat' dir='ltr'><strong>voto,</strong></span> <span class='ocrx_word' id='word_1_33' title='bbox 1853 1349 1926 1412; x_wconf 90' lang='lat' dir='ltr'><strong>in</strong></span> <span class='ocrx_word' id='word_1_34' title='bbox 1964 1346 2292 1430; x_wconf 87' lang='lat' dir='ltr'><strong>Angliam</strong></span> 
     </span>
    </p>
   </div>
   <div class='ocr_carea' id='block_1_3' title="bbox 412 1447 791 1529">
    <p class='ocr_par' dir='ltr' id='par_1_3' title="bbox 412 1447 791 1529">
     <span class='ocr_line' id='line_1_6' title="bbox 412 1447 791 1529; baseline 0.003 -19"><span class='ocrx_word' id='word_1_35' title='bbox 412 1447 791 1529; x_wconf 73' lang='lat' dir='ltr'><strong>repedavit.</strong></span> 
     </span>
    </p>
   </div>
   <div class='ocr_carea' id='block_1_4' title="bbox 411 1615 2293 4413">
    <p class='ocr_par' dir='ltr' id='par_1_4' title="bbox 470 1615 2247 1801">
     <span class='ocr_line' id='line_1_7' title="bbox 470 1615 2247 1703; baseline -0.005 -12"><span class='ocrx_word' id='word_1_36' title='bbox 470 1616 649 1691; x_wconf 72' lang='lat' dir='ltr'><strong>Quod</strong></span> <span class='ocrx_word' id='word_1_37' title='bbox 673 1615 877 1684; x_wconf 71' lang='lat' dir='ltr'><strong>boatus</strong></span> <span class='ocrx_word' id='word_1_38' title='bbox 913 1618 1217 1683; x_wconf 72' lang='lat' dir='ltr'><strong>Godricws</strong></span> <span class='ocrx_word' id='word_1_39' title='bbox 1242 1616 1419 1703; x_wconf 73' lang='lat' dir='ltr'><strong>apud</strong></span> <span class='ocrx_word' id='word_1_40' title='bbox 1444 1616 1750 1680; x_wconf 74' lang='lat' dir='ltr'><strong>Finohalo</strong></span> <span class='ocrx_word' id='word_1_41' title='bbox 1781 1616 1975 1681; x_wconf 78' lang='lat' dir='ltr'><strong>locwm</strong></span> <span class='ocrx_word' id='word_1_42' title='bbox 2002 1615 2247 1682; x_wconf 75' lang='lat' dir='ltr'><strong>habita·</strong></span> 
     </span>
     <span class='ocr_line' id='line_1_8' title="bbox 861 1716 1846 1801; baseline -0.003 -19"><span class='ocrx_word' id='word_1_43' title='bbox 861 1719 1067 1796; x_wconf 73' lang='lat' dir='ltr'><strong>tionis,</strong></span> <span class='ocrx_word' id='word_1_44' title='bbox 1096 1719 1228 1783; x_wconf 76' lang='lat' dir='ltr'><strong>Deo</strong></span> <span class='ocrx_word' id='word_1_45' title='bbox 1258 1716 1621 1801; x_wconf 70' lang='lat' dir='ltr'><strong>inspiranto,</strong></span> <span class='ocrx_word' id='word_1_46' title='bbox 1653 1716 1846 1801; x_wconf 70' lang='lat' dir='ltr'><strong>eloyit.</strong></span> 
     </span>
    </p>

    <p class='ocr_par' dir='ltr' id='par_1_5' title="bbox 411 1838 2293 4413">
     <span class='ocr_line' id='line_1_9' title="bbox 540 1838 2289 1924; baseline -0.001 -18"><span class='ocrx_word' id='word_1_47' title='bbox 540 1839 889 1908; x_wconf 82' lang='lat' dir='ltr'><strong>Reversus</strong></span> <span class='ocrx_word' id='word_1_48' title='bbox 923 1849 1149 1908; x_wconf 89' lang='lat' dir='ltr'><strong>autem</strong></span> <span class='ocrx_word' id='word_1_49' title='bbox 1183 1843 1255 1906; x_wconf 90' lang='lat' dir='ltr'><strong>in</strong></span> <span class='ocrx_word' id='word_1_50' title='bbox 1288 1840 1794 1923; x_wconf 81' lang='lat' dir='ltr'><strong>aquilonalibus</strong></span> <span class='ocrx_word' id='word_1_51' title='bbox 1827 1838 2102 1923; x_wconf 82' lang='lat' dir='ltr'><strong>Anglioe</strong></span> <span class='ocrx_word' id='word_1_52' title='bbox 2130 1860 2289 1924; x_wconf 87' lang='lat' dir='ltr'><strong>par-</strong></span> 
     </span>
     <span class='ocr_line' id='line_1_10' title="bbox 415 1939 2289 2008; baseline 0.001 -6"><span class='ocrx_word' id='word_1_53' title='bbox 415 1939 603 2004; x_wconf 88' lang='lat' dir='ltr'><strong>tibus</strong></span> <span class='ocrx_word' id='word_1_54' title='bbox 649 1942 873 2006; x_wconf 89' lang='lat' dir='ltr'><strong>locum</strong></span> <span class='ocrx_word' id='word_1_55' title='bbox 922 1943 994 2006; x_wconf 93' lang='lat' dir='ltr'><strong>in</strong></span> <span class='ocrx_word' id='word_1_56' title='bbox 1037 1941 1216 2008; x_wconf 86' lang='lat' dir='ltr'><strong>silva</strong></span> <span class='ocrx_word' id='word_1_57' title='bbox 1246 1940 1516 2006; x_wconf 83' lang='lat' dir='ltr'><strong>invenit</strong></span> <span class='ocrx_word' id='word_1_58' title='bbox 1547 1946 1882 2004; x_wconf 88' lang='lat' dir='ltr'><strong>secretum</strong></span> <span class='ocrx_word' id='word_1_59' title='bbox 1914 1940 2289 2005; x_wconf 88' lang='lat' dir='ltr'><strong>Eschedale</strong></span> 
     </span>
     <span class='ocr_line' id='line_1_11' title="bbox 415 2040 2287 2123; baseline 0.002 -22"><span class='ocrx_word' id='word_1_60' title='bbox 415 2048 912 2123; x_wconf 88' lang='lat' dir='ltr'><strong>nuncupatum,</strong></span> <span class='ocrx_word' id='word_1_61' title='bbox 969 2049 1040 2105; x_wconf 91' lang='lat' dir='ltr'><strong>et</strong></span> <span class='ocrx_word' id='word_1_62' title='bbox 1084 2042 1265 2105; x_wconf 90' lang='lat' dir='ltr'><strong>bunc</strong></span> <span class='ocrx_word' id='word_1_63' title='bbox 1307 2041 1437 2104; x_wconf 88' lang='lat' dir='ltr'><strong>sibi</strong></span> <span class='ocrx_word' id='word_1_64' title='bbox 1488 2046 1876 2122; x_wconf 85' lang='lat' dir='ltr'><strong>competere</strong></span> <span class='ocrx_word' id='word_1_65' title='bbox 1908 2040 2287 2123; x_wconf 88' lang='lat' dir='ltr'><strong>judicabat.</strong></span> 
     </span>
     <span class='ocr_line' id='line_1_12' title="bbox 419 2137 2290 2223; baseline 0.002 -22"><span class='ocrx_word' id='word_1_66' title='bbox 419 2137 563 2202; x_wconf 92' lang='lat' dir='ltr'><strong>Hic</strong></span> <span class='ocrx_word' id='word_1_67' title='bbox 613 2139 698 2203; x_wconf 90' lang='lat' dir='ltr'><strong>de</strong></span> <span class='ocrx_word' id='word_1_68' title='bbox 741 2141 950 2223; x_wconf 86' lang='lat' dir='ltr'><strong>lignis</strong></span> <span class='ocrx_word' id='word_1_69' title='bbox 1020 2141 1323 2205; x_wconf 90' lang='lat' dir='ltr'><strong>casulam</strong></span> <span class='ocrx_word' id='word_1_70' title='bbox 1369 2140 1757 2204; x_wconf 86' lang='lat' dir='ltr'><strong>construxit</strong></span> <span class='ocrx_word' id='word_1_71' title='bbox 1801 2145 1872 2204; x_wconf 86' lang='lat' dir='ltr'><strong>et</strong></span> <span class='ocrx_word' id='word_1_72' title='bbox 1919 2139 2290 2222; x_wconf 84' lang='lat' dir='ltr'><strong>cespitibus</strong></span> 
     </span>
     <span class='ocr_line' id='line_1_13' title="bbox 417 2239 2293 2324; baseline 0.002 -23"><span class='ocrx_word' id='word_1_73' title='bbox 417 2256 570 2302; x_wconf 91' lang='lat' dir='ltr'><strong>eam</strong></span> <span class='ocrx_word' id='word_1_74' title='bbox 614 2241 816 2317; x_wconf 87' lang='lat' dir='ltr'><strong>texit,</strong></span> <span class='ocrx_word' id='word_1_75' title='bbox 860 2241 1090 2323; x_wconf 89' lang='lat' dir='ltr'><strong>ibique</strong></span> <span class='ocrx_word' id='word_1_76' title='bbox 1133 2260 1256 2324; x_wconf 90' lang='lat' dir='ltr'><strong>per</strong></span> <span class='ocrx_word' id='word_1_77' title='bbox 1296 2258 1549 2305; x_wconf 89' lang='lat' dir='ltr'><strong>annum</strong></span> <span class='ocrx_word' id='word_1_78' title='bbox 1605 2246 1677 2305; x_wconf 90' lang='lat' dir='ltr'><strong>et</strong></span> <span class='ocrx_word' id='word_1_79' title='bbox 1712 2258 1983 2303; x_wconf 88' lang='lat' dir='ltr'><strong>menses</strong></span> <span class='ocrx_word' id='word_1_80' title='bbox 2032 2239 2293 2321; x_wconf 88' lang='lat' dir='ltr'><strong>aliquot</strong></span> 
     </span>
     <span class='ocr_line' id='line_1_14' title="bbox 414 2336 2291 2418; baseline 0 -17"><span class='ocrx_word' id='word_1_81' title='bbox 414 2336 756 2404; x_wconf 84' lang='lat' dir='ltr'><strong>habitavit</strong></span> <span class='ocrx_word' id='word_1_82' title='bbox 774 2360 792 2418; x_wconf 79' lang='lat'>3</span> <span class='ocrx_word' id='word_1_83' title='bbox 813 2389 817 2395; x_wconf 90' lang='lat'><em>.</em></span> <span class='ocrx_word' id='word_1_84' title='bbox 838 2340 983 2417; x_wconf 90' lang='lat' dir='ltr'><strong>sed,</strong></span> <span class='ocrx_word' id='word_1_85' title='bbox 1009 2359 1160 2404; x_wconf 94' lang='lat' dir='ltr'><strong>cum</strong></span> <span class='ocrx_word' id='word_1_86' title='bbox 1195 2340 1290 2403; x_wconf 93' lang='lat' dir='ltr'><strong>ibi</strong></span> <span class='ocrx_word' id='word_1_87' title='bbox 1321 2358 1365 2403; x_wconf 91' lang='lat' dir='ltr'><strong>a</strong></span> <span class='ocrx_word' id='word_1_88' title='bbox 1397 2339 1689 2403; x_wconf 91' lang='lat' dir='ltr'><strong>dominis</strong></span> <span class='ocrx_word' id='word_1_89' title='bbox 1716 2338 1912 2402; x_wconf 80' lang='lat' dir='ltr'><strong>fundi</strong></span> <span class='ocrx_word' id='word_1_90' title='bbox 1943 2338 2291 2402; x_wconf 90' lang='lat' dir='ltr'><strong>molestias</strong></span> 
     </span>
     <span class='ocr_line' id='line_1_15' title="bbox 411 2438 2289 2520; baseline 0.001 -20"><span class='ocrx_word' id='word_1_91' title='bbox 411 2439 874 2515; x_wconf 85' lang='lat' dir='ltr'><strong>sustinuisset,</strong></span> <span class='ocrx_word' id='word_1_92' title='bbox 905 2440 1219 2503; x_wconf 88' lang='lat' dir='ltr'><strong>discessit</strong></span> <span class='ocrx_word' id='word_1_93' title='bbox 1251 2447 1322 2503; x_wconf 88' lang='lat' dir='ltr'><strong>et</strong></span> <span class='ocrx_word' id='word_1_94' title='bbox 1354 2438 1771 2502; x_wconf 89' lang='lat' dir='ltr'><strong>Dunelmum</strong></span> <span class='ocrx_word' id='word_1_95' title='bbox 1805 2438 2141 2520; x_wconf 87' lang='lat' dir='ltr'><strong>pervenit,</strong></span> <span class='ocrx_word' id='word_1_96' title='bbox 2175 2439 2289 2501; x_wconf 89' lang='lat' dir='ltr'><strong>ubi</strong></span> 
     </span>
     <span class='ocr_line' id='line_1_16' title="bbox 412 2536 2291 2619; baseline 0.001 -19"><span class='ocrx_word' id='word_1_97' title='bbox 412 2537 815 2618; x_wconf 88' lang='lat' dir='ltr'><strong>psalterium</strong></span> <span class='ocrx_word' id='word_1_98' title='bbox 865 2559 954 2604; x_wconf 84' lang='lat' dir='ltr'><strong>ex</strong></span> <span class='ocrx_word' id='word_1_99' title='bbox 1014 2540 1283 2619; x_wconf 89' lang='lat' dir='ltr'><strong>integro</strong></span> <span class='ocrx_word' id='word_1_100' title='bbox 1335 2538 1601 2602; x_wconf 88' lang='lat' dir='ltr'><strong>discens</strong></span> <span class='ocrx_word' id='word_1_101' title='bbox 1649 2544 1918 2601; x_wconf 90' lang='lat' dir='ltr'><strong>tantum</strong></span> <span class='ocrx_word' id='word_1_102' title='bbox 1969 2536 2042 2600; x_wconf 90' lang='lat' dir='ltr'><strong>iu</strong></span> <span class='ocrx_word' id='word_1_103' title='bbox 2101 2537 2291 2601; x_wconf 86' lang='lat' dir='ltr'><strong>brevi</strong></span> 
     </span>
     <span class='ocr_line' id='line_1_17' title="bbox 413 2636 2286 2721; baseline 0.002 -23"><span class='ocrx_word' id='word_1_104' title='bbox 413 2636 728 2718; x_wconf 86' lang='lat' dir='ltr'><strong>profecit,</strong></span> <span class='ocrx_word' id='word_1_105' title='bbox 759 2639 942 2720; x_wconf 88' lang='lat' dir='ltr'><strong>quod</strong></span> <span class='ocrx_word' id='word_1_106' title='bbox 974 2638 1046 2702; x_wconf 92' lang='lat' dir='ltr'><strong>in</strong></span> <span class='ocrx_word' id='word_1_107' title='bbox 1085 2638 1394 2721; x_wconf 88' lang='lat' dir='ltr'><strong>psalmis,</strong></span> <span class='ocrx_word' id='word_1_108' title='bbox 1436 2637 1710 2721; x_wconf 82' lang='lat' dir='ltr'><strong>hymnis</strong></span> <span class='ocrx_word' id='word_1_109' title='bbox 1756 2644 1827 2700; x_wconf 89' lang='lat' dir='ltr'><strong>et</strong></span> <span class='ocrx_word' id='word_1_110' title='bbox 1863 2637 2286 2701; x_wconf 89' lang='lat' dir='ltr'><strong>orationibus</strong></span> 
     </span>
     <span class='ocr_line' id='line_1_18' title="bbox 411 2735 2283 2820; baseline 0.001 -21"><span class='ocrx_word' id='word_1_111' title='bbox 411 2736 719 2800; x_wconf 88' lang='lat' dir='ltr'><strong>eruditus</strong></span> <span class='ocrx_word' id='word_1_112' title='bbox 776 2745 905 2816; x_wconf 90' lang='lat' dir='ltr'><strong>est,</strong></span> <span class='ocrx_word' id='word_1_113' title='bbox 973 2744 1308 2820; x_wconf 90' lang='lat' dir='ltr'><strong>quantum</strong></span> <span class='ocrx_word' id='word_1_114' title='bbox 1366 2737 1496 2800; x_wconf 91' lang='lat' dir='ltr'><strong>sibi</strong></span> <span class='ocrx_word' id='word_1_115' title='bbox 1548 2735 1858 2801; x_wconf 83' lang='lat' dir='ltr'><strong>sufficere</strong></span> <span class='ocrx_word' id='word_1_116' title='bbox 1903 2736 2283 2801; x_wconf 81' lang='lat' dir='ltr'><strong>videbatur.</strong></span> 
     </span>
     <span class='ocr_line' id='line_1_19' title="bbox 414 2834 2285 2919; baseline 0.002 -22"><span class='ocrx_word' id='word_1_117' title='bbox 414 2834 644 2917; x_wconf 85' lang='lat' dir='ltr'><strong>Igitur</strong></span> <span class='ocrx_word' id='word_1_118' title='bbox 671 2836 904 2900; x_wconf 86' lang='lat' dir='ltr'><strong>divina</strong></span> <span class='ocrx_word' id='word_1_119' title='bbox 932 2836 1394 2901; x_wconf 88' lang='lat' dir='ltr'><strong>admonitione</strong></span> <span class='ocrx_word' id='word_1_120' title='bbox 1441 2837 1816 2919; x_wconf 90' lang='lat' dir='ltr'><strong>inspiratus</strong></span> <span class='ocrx_word' id='word_1_121' title='bbox 1847 2835 1957 2900; x_wconf 90' lang='lat' dir='ltr'><strong>die</strong></span> <span class='ocrx_word' id='word_1_122' title='bbox 1990 2835 2285 2918; x_wconf 91' lang='lat' dir='ltr'><strong>quodam</strong></span> 
     </span>
     <span class='ocr_line' id='line_1_20' title="bbox 417 2934 2284 3020; baseline 0.002 -22"><span class='ocrx_word' id='word_1_123' title='bbox 417 2934 507 2998; x_wconf 91' lang='lat' dir='ltr'><strong>ad</strong></span> <span class='ocrx_word' id='word_1_124' title='bbox 550 2935 851 3000; x_wconf 81' lang='lat' dir='ltr'><strong>vicinum</strong></span> <span class='ocrx_word' id='word_1_125' title='bbox 897 2956 1134 3002; x_wconf 88' lang='lat' dir='ltr'><strong>nemus</strong></span> <span class='ocrx_word' id='word_1_126' title='bbox 1177 2936 1537 3020; x_wconf 87' lang='lat' dir='ltr'><strong>processit,</strong></span> <span class='ocrx_word' id='word_1_127' title='bbox 1582 2936 1699 3000; x_wconf 92' lang='lat' dir='ltr'><strong>ubi</strong></span> <span class='ocrx_word' id='word_1_128' title='bbox 1746 2935 2010 3002; x_wconf 82' lang='lat' dir='ltr'><strong>audivit</strong></span> <span class='ocrx_word' id='word_1_129' title='bbox 2052 2942 2284 3019; x_wconf 92' lang='lat' dir='ltr'><strong>pasto-</strong></span> 
     </span>
     <span class='ocr_line' id='line_1_21' title="bbox 415 3035 2287 3118; baseline 0.003 -22"><span class='ocrx_word' id='word_1_130' title='bbox 415 3053 559 3097; x_wconf 89' lang='lat' dir='ltr'><strong>rem</strong></span> <span class='ocrx_word' id='word_1_131' title='bbox 621 3036 960 3118; x_wconf 90' lang='lat' dir='ltr'><strong>quendam</strong></span> <span class='ocrx_word' id='word_1_132' title='bbox 1024 3037 1211 3100; x_wconf 87' lang='lat' dir='ltr'><strong>socio</strong></span> <span class='ocrx_word' id='word_1_133' title='bbox 1284 3036 1383 3100; x_wconf 90' lang='lat' dir='ltr'><strong>sic</strong></span> <span class='ocrx_word' id='word_1_134' title='bbox 1450 3035 1812 3114; x_wconf 88' lang='lat' dir='ltr'><strong>dicentem,</strong></span> <span class='ocrx_word' id='word_1_135' title='bbox 1858 3042 1876 3070; x_wconf 80' lang='lat'><em>⁶</em></span> <span class='ocrx_word' id='word_1_136' title='bbox 1900 3035 2161 3100; x_wconf 90' lang='lat' dir='ltr'><strong>Eamus</strong></span> <span class='ocrx_word' id='word_1_137' title='bbox 2214 3037 2287 3101; x_wconf 89' lang='lat' dir='ltr'><strong>iu</strong></span> 
     </span>
     <span class='ocr_line' id='line_1_22' title="bbox 417 3134 2286 3219; baseline 0.002 -22"><span class='ocrx_word' id='word_1_138' title='bbox 417 3134 771 3213; x_wconf 88' lang='lat' dir='ltr'><strong>Finchale,</strong></span> <span class='ocrx_word' id='word_1_139' title='bbox 804 3156 1048 3219; x_wconf 80' lang='lat' dir='ltr'><strong>greges</strong></span> <span class='ocrx_word' id='word_1_140' title='bbox 1074 3135 1468 3218; x_wconf 86' lang='lat' dir='ltr'><strong>adaquare.’</strong></span> <span class='ocrx_word' id='word_1_141' title='bbox 1569 3134 1750 3200; x_wconf 86' lang='lat' dir='ltr'><strong>Haec</strong></span> <span class='ocrx_word' id='word_1_142' title='bbox 1784 3136 2066 3200; x_wconf 89' lang='lat' dir='ltr'><strong>audiens</strong></span> <span class='ocrx_word' id='word_1_143' title='bbox 2095 3134 2286 3200; x_wconf 85' lang='lat' dir='ltr'><strong>God—</strong></span> 
     </span>
     <span class='ocr_line' id='line_1_23' title="bbox 413 3234 2290 3317; baseline 0.003 -20"><span class='ocrx_word' id='word_1_144' title='bbox 413 3234 598 3298; x_wconf 87' lang='lat' dir='ltr'><strong>ricus</strong></span> <span class='ocrx_word' id='word_1_145' title='bbox 662 3234 852 3301; x_wconf 89' lang='lat' dir='ltr'><strong>dedit</strong></span> <span class='ocrx_word' id='word_1_146' title='bbox 904 3237 966 3300; x_wconf 93' lang='lat' dir='ltr'><strong>ei</strong></span> <span class='ocrx_word' id='word_1_147' title='bbox 1023 3234 1247 3299; x_wconf 91' lang='lat' dir='ltr'><strong>solum</strong></span> <span class='ocrx_word' id='word_1_148' title='bbox 1308 3254 1510 3317; x_wconf 90' lang='lat' dir='ltr'><strong>quem</strong></span> <span class='ocrx_word' id='word_1_149' title='bbox 1568 3234 1811 3299; x_wconf 88' lang='lat' dir='ltr'><strong>habuit</strong></span> <span class='ocrx_word' id='word_1_150' title='bbox 1861 3235 2161 3313; x_wconf 92' lang='lat' dir='ltr'><strong>obolum,</strong></span> <span class='ocrx_word' id='word_1_151' title='bbox 2211 3244 2290 3302; x_wconf 91' lang='lat' dir='ltr'><strong>ut</strong></span> 
     </span>
     <span class='ocr_line' id='line_1_24' title="bbox 414 3334 2288 3413; baseline 0.002 -17"><span class='ocrx_word' id='word_1_152' title='bbox 414 3334 611 3398; x_wconf 88' lang='lat' dir='ltr'><strong>illum</strong></span> <span class='ocrx_word' id='word_1_153' title='bbox 644 3334 925 3399; x_wconf 88' lang='lat' dir='ltr'><strong>duceret</strong></span> <span class='ocrx_word' id='word_1_154' title='bbox 954 3335 1042 3399; x_wconf 86' lang='lat' dir='ltr'><strong>ad</strong></span> <span class='ocrx_word' id='word_1_155' title='bbox 1089 3334 1271 3399; x_wconf 91' lang='lat' dir='ltr'><strong>hunc</strong></span> <span class='ocrx_word' id='word_1_156' title='bbox 1314 3335 1580 3413; x_wconf 87' lang='lat' dir='ltr'><strong>locum;</strong></span> <span class='ocrx_word' id='word_1_157' title='bbox 1627 3335 1746 3399; x_wconf 90' lang='lat' dir='ltr'><strong>ubi</strong></span> <span class='ocrx_word' id='word_1_158' title='bbox 1778 3334 1863 3398; x_wconf 89' lang='lat' dir='ltr'><strong>ad</strong></span> <span class='ocrx_word' id='word_1_159' title='bbox 1898 3334 2288 3399; x_wconf 87' lang='lat' dir='ltr'><strong>interiorem</strong></span> 
     </span>
     <span class='ocr_line' id='line_1_25' title="bbox 415 3433 2290 3548; baseline 0.002 -52"><span class='ocrx_word' id='word_1_160' title='bbox 415 3433 613 3497; x_wconf 80' lang='lat' dir='ltr'><strong>silvae</strong></span> <span class='ocrx_word' id='word_1_161' title='bbox 650 3433 1067 3500; x_wconf 85' lang='lat' dir='ltr'><strong>densitatem·</strong></span> <span class='ocrx_word' id='word_1_162' title='bbox 1098 3435 1540 3548; x_wconf 57' lang='lat' dir='ltr'><strong>progrediens</strong></span> <span class='ocrx_word' id='word_1_163' title='bbox 1577 3435 1878 3499; x_wconf 90' lang='lat' dir='ltr'><strong>occurrit</strong></span> <span class='ocrx_word' id='word_1_164' title='bbox 1909 3434 2073 3517; x_wconf 89' lang='lat' dir='ltr'><strong>lupo</strong></span> <span class='ocrx_word' id='word_1_165' title='bbox 2100 3436 2290 3500; x_wconf 79' lang='lat' dir='ltr'><strong>mirae</strong></span> 
     </span>
     <span class='ocr_line' id='line_1_26' title="bbox 416 3533 2288 3617; baseline 0.002 -23"><span class='ocrx_word' id='word_1_166' title='bbox 416 3533 910 3614; x_wconf 86' lang='lat' dir='ltr'><strong>magnitudinis</strong></span> <span class='ocrx_word' id='word_1_167' title='bbox 956 3535 1292 3611; x_wconf 85' lang='lat' dir='ltr'><strong>saevienti,</strong></span> <span class='ocrx_word' id='word_1_168' title='bbox 1345 3534 1463 3617; x_wconf 92' lang='lat' dir='ltr'><strong>qui</strong></span> <span class='ocrx_word' id='word_1_169' title='bbox 1505 3554 1576 3597; x_wconf 87' lang='lat' dir='ltr'><strong>m</strong></span> <span class='ocrx_word' id='word_1_170' title='bbox 1619 3534 1812 3598; x_wconf 90' lang='lat' dir='ltr'><strong>illum</strong></span> <span class='ocrx_word' id='word_1_171' title='bbox 1855 3534 2057 3599; x_wconf 87' lang='lat' dir='ltr'><strong>irruit</strong></span> <span class='ocrx_word' id='word_1_172' title='bbox 2098 3552 2180 3599; x_wconf 87' lang='lat' dir='ltr'><strong>ac</strong></span> <span class='ocrx_word' id='word_1_173' title='bbox 2229 3536 2288 3598; x_wconf 90' lang='lat' dir='ltr'><strong>si</strong></span> 
     </span>
     <span class='ocr_line' id='line_1_27' title="bbox 412 3632 2290 3712; baseline 0.002 -17"><span class='ocrx_word' id='word_1_174' title='bbox 412 3632 626 3696; x_wconf 81' lang='lat' dir='ltr'><strong>vellet</strong></span> <span class='ocrx_word' id='word_1_175' title='bbox 668 3632 998 3698; x_wconf 88' lang='lat' dir='ltr'><strong>dilaniare</strong></span> <span class='ocrx_word' id='word_1_176' title='bbox 1033 3634 1413 3712; x_wconf 78' lang='lat' dir='ltr'><strong>frustatim3</strong></span> <span class='ocrx_word' id='word_1_177' title='bbox 1457 3634 1803 3698; x_wconf 82' lang='lat' dir='ltr'><strong>intellexit</strong></span> <span class='ocrx_word' id='word_1_178' title='bbox 1844 3640 2071 3697; x_wconf 89' lang='lat' dir='ltr'><strong>autem</strong></span> <span class='ocrx_word' id='word_1_179' title='bbox 2102 3632 2290 3698; x_wconf 83' lang='lat' dir='ltr'><strong>God-</strong></span> 
     </span>
     <span class='ocr_line' id='line_1_28' title="bbox 412 3731 2287 3815; baseline 0.002 -21"><span class='ocrx_word' id='word_1_180' title='bbox 412 3731 598 3795; x_wconf 86' lang='lat' dir='ltr'><strong>ricus</strong></span> <span class='ocrx_word' id='word_1_181' title='bbox 631 3734 1004 3799; x_wconf 82' lang='lat' dir='ltr'><strong>versutiam</strong></span> <span class='ocrx_word' id='word_1_182' title='bbox 1037 3733 1183 3797; x_wconf 84' lang='lat' dir='ltr'><strong>sore</strong></span> <span class='ocrx_word' id='word_1_183' title='bbox 1222 3732 1439 3797; x_wconf 88' lang='lat' dir='ltr'><strong>hostis</strong></span> <span class='ocrx_word' id='word_1_184' title='bbox 1484 3733 1771 3815; x_wconf 89' lang='lat' dir='ltr'><strong>antiqui,</strong></span> <span class='ocrx_word' id='word_1_185' title='bbox 1810 3731 1943 3815; x_wconf 89' lang='lat' dir='ltr'><strong>[et]</strong></span> <span class='ocrx_word' id='word_1_186' title='bbox 1976 3734 2193 3797; x_wconf 89' lang='lat' dir='ltr'><strong>crucis</strong></span> <span class='ocrx_word' id='word_1_187' title='bbox 2224 3734 2287 3797; x_wconf 91' lang='lat' dir='ltr'><strong>ei</strong></span> 
     </span>
     <span class='ocr_line' id='line_1_29' title="bbox 412 3830 2288 3916; baseline 0.001 -21"><span class='ocrx_word' id='word_1_188' title='bbox 412 3830 739 3913; x_wconf 90' lang='lat' dir='ltr'><strong>opposuit</strong></span> <span class='ocrx_word' id='word_1_189' title='bbox 791 3834 1064 3914; x_wconf 91' lang='lat' dir='ltr'><strong>signum</strong></span> <span class='ocrx_word' id='word_1_190' title='bbox 1117 3833 1373 3909; x_wconf 92' lang='lat' dir='ltr'><strong>dicens,</strong></span> <span class='ocrx_word' id='word_1_191' title='bbox 1417 3837 1438 3867; x_wconf 89' lang='lat'>‘</span> <span class='ocrx_word' id='word_1_192' title='bbox 1465 3831 1733 3916; x_wconf 90' lang='lat' dir='ltr'><strong>Adjuro</strong></span> <span class='ocrx_word' id='word_1_193' title='bbox 1778 3838 1846 3896; x_wconf 88' lang='lat' dir='ltr'><strong>te</strong></span> <span class='ocrx_word' id='word_1_194' title='bbox 1898 3831 2288 3897; x_wconf 83' lang='lat' dir='ltr'><strong>innomine</strong></span> 
     </span>
     <span class='ocr_line' id='line_1_30' title="bbox 414 3931 2286 4009; baseline 0.001 -14"><span class='ocrx_word' id='word_1_195' title='bbox 414 3939 674 3996; x_wconf 82' lang='lat' dir='ltr'><strong>sanctae</strong></span> <span class='ocrx_word' id='word_1_196' title='bbox 709 3931 1096 4009; x_wconf 86' lang='lat' dir='ltr'><strong>Trinitatis,</strong></span> <span class='ocrx_word' id='word_1_197' title='bbox 1140 3939 1219 3997; x_wconf 90' lang='lat' dir='ltr'><strong>ut</strong></span> <span class='ocrx_word' id='word_1_198' title='bbox 1257 3931 1662 3996; x_wconf 87' lang='lat' dir='ltr'><strong>festinanter</strong></span> <span class='ocrx_word' id='word_1_199' title='bbox 1692 3931 1993 4009; x_wconf 86' lang='lat' dir='ltr'><strong>recedas,</strong></span> <span class='ocrx_word' id='word_1_200' title='bbox 2024 3932 2084 3997; x_wconf 87' lang='lat' dir='ltr'><strong>si</strong></span> <span class='ocrx_word' id='word_1_201' title='bbox 2118 3952 2286 3996; x_wconf 85' lang='lat' dir='ltr'><strong>meae</strong></span> 
     </span>
     <span class='ocr_line' id='line_1_31' title="bbox 413 4030 2289 4116; baseline 0.001 -22"><span class='ocrx_word' id='word_1_202' title='bbox 413 4032 768 4096; x_wconf 82' lang='lat' dir='ltr'><strong>servitutis</strong></span> <span class='ocrx_word' id='word_1_203' title='bbox 798 4033 1222 4116; x_wconf 87' lang='lat' dir='ltr'><strong>obsequium,</strong></span> <span class='ocrx_word' id='word_1_204' title='bbox 1257 4030 1440 4113; x_wconf 91' lang='lat' dir='ltr'><strong>quod</strong></span> <span class='ocrx_word' id='word_1_205' title='bbox 1477 4032 1550 4096; x_wconf 91' lang='lat' dir='ltr'><strong>iu</strong></span> <span class='ocrx_word' id='word_1_206' title='bbox 1595 4030 1728 4096; x_wconf 90' lang='lat' dir='ltr'><strong>hoc</strong></span> <span class='ocrx_word' id='word_1_207' title='bbox 1774 4032 1927 4095; x_wconf 92' lang='lat' dir='ltr'><strong>loco</strong></span> <span class='ocrx_word' id='word_1_208' title='bbox 1968 4031 2289 4096; x_wconf 83' lang='lat' dir='ltr'><strong>exhibere</strong></span> 
     </span>
     <span class='ocr_line' id='line_1_32' title="bbox 416 4130 2289 4215; baseline 0.002 -22"><span class='ocrx_word' id='word_1_209' title='bbox 416 4130 715 4195; x_wconf 90' lang='lat' dir='ltr'><strong>Domino</strong></span> <span class='ocrx_word' id='word_1_210' title='bbox 768 4133 1117 4215; x_wconf 90' lang='lat' dir='ltr'><strong>proposui,</strong></span> <span class='ocrx_word' id='word_1_211' title='bbox 1162 4132 1256 4196; x_wconf 90' lang='lat' dir='ltr'><strong>sit</strong></span> <span class='ocrx_word' id='word_1_212' title='bbox 1304 4139 1661 4214; x_wconf 91' lang='lat' dir='ltr'><strong>acceptum</strong></span> <span class='ocrx_word' id='word_1_213' title='bbox 1687 4131 1730 4211; x_wconf 90' lang='lat'><strong>;’</strong></span> <span class='ocrx_word' id='word_1_214' title='bbox 1796 4138 1890 4207; x_wconf 88' lang='lat' dir='ltr'><strong>et,</strong></span> <span class='ocrx_word' id='word_1_215' title='bbox 1924 4130 2031 4195; x_wconf 89' lang='lat' dir='ltr'><strong>his</strong></span> <span class='ocrx_word' id='word_1_216' title='bbox 2063 4130 2289 4208; x_wconf 88' lang='lat' dir='ltr'><strong>dictis,</strong></span> 
     </span>
     <span class='ocr_line' id='line_1_33' title="bbox 414 4230 2288 4315; baseline 0.001 -22"><span class='ocrx_word' id='word_1_217' title='bbox 414 4230 564 4294; x_wconf 82' lang='lat' dir='ltr'><strong>fera</strong></span> <span class='ocrx_word' id='word_1_218' title='bbox 604 4249 681 4295; x_wconf 90' lang='lat' dir='ltr'><strong>se</strong></span> <span class='ocrx_word' id='word_1_219' title='bbox 722 4231 949 4314; x_wconf 89' lang='lat' dir='ltr'><strong>impiis</strong></span> <span class='ocrx_word' id='word_1_220' title='bbox 995 4233 1281 4315; x_wconf 85' lang='lat' dir='ltr'><strong>pedibus</strong></span> <span class='ocrx_word' id='word_1_221' title='bbox 1335 4231 1735 4314; x_wconf 81' lang='lat' dir='ltr'><strong>prostravit,</strong></span> <span class='ocrx_word' id='word_1_222' title='bbox 1783 4230 1981 4313; x_wconf 91' lang='lat' dir='ltr'><strong>quasi</strong></span> <span class='ocrx_word' id='word_1_223' title='bbox 2019 4231 2288 4295; x_wconf 82' lang='lat' dir='ltr'><strong>veniam</strong></span> 
     </span>
     <span class='ocr_line' id='line_1_34' title="bbox 417 4336 834 4413; baseline 0.005 -19"><span class='ocrx_word' id='word_1_224' title='bbox 417 4336 834 4413; x_wconf 89' lang='lat' dir='ltr'><strong>precaretur.</strong></span> 
     </span>
    </p>
   </div>
  </div>
 </body>
</html>
