3457 5887
865 1238 973 1278 As).
996 1237 1106 1276 11⁵1.

1118 1286 1140 1324 l

1174 844 1308 910 248
1688 856 1952 905 uocum
2001 855 2092 902 οη
2138 854 2549 902 wssunovssn

1185 1090 1358 1171 Quod
1387 1088 1514 1153 dux
1543 1088 1949 1153 Non-mannia
1972 1085 2555 1152 HonricusAlienor
2580 1084 2759 1149 duxit
2792 1103 3053 1146 worm.

1208 1251 1217 1256 ·
1281 1214 1486 1279 Anno
1524 1213 1803 1278 Domini
1846 1230 2043 1277 mom.
2077 1213 2221 1276 dux
2263 1212 2821 1276 Normannorum
2861 1207 3052 1270 Hen-

865 1287 1131 1377 ἷξῗῗιιῗῖἒι
1183 1315 1364 1379 ricus
1425 1312 1627 1377 duxit
1689 1311 1974 1378 Alienor
2043 1312 2383 1396 quondam
2447 1311 2782 1393 reginam,
2851 1326 3051 1390 quam

867 1387 1085 1426 Nou-mand

869 1437 952 1477 aaa
970 1437 1026 1475 ιι.
1042 1397 1139 1475 003:-
1189 1413 1596 1479 Lodowicus
1644 1432 1768 1476 rex
1819 1431 1999 1475 anno
2048 1412 2396 1494 praeterito
2438 1417 2720 1496 propter
2768 1425 3054 1471 consan-

872 1496 1112 1536 mum

1189 1512 1595 1596 guinitatem
1634 1510 2007 1588 dimiserat,
2045 1519 2116 1575 et
2147 1512 2247 1576 sic
2273 1511 2496 1575 factus
2528 1517 2634 1574 est
2667 1508 2815 1571 dux
2843 1505 3059 1588 Aqui-

1191 1613 1395 1677 taniae
1438 1619 1509 1675 et
1561 1630 1789 1675 comes
1819 1611 2204 1687 'Pictaviaz
2248 1611 2368 1694 qui
2414 1611 2603 1693 prius
2644 1607 2875 1671 fuerat
2916 1605 3055 1668 dux

1191 1711 1748 1776 Normannorum
1812 1719 1881 1776 et
1946 1712 2187 1774 consul
2252 1709 2834 1791 Andegavorum3
2898 1700 3059 1787 'quo

1190 1811 1449 1887 audito,
1481 1829 1605 1874 rex
1638 1810 2057 1874 Francorum
2092 1809 2497 1875 Lodowicus
2539 1814 2921 1873 commotus
2955 1811 3059 1868 oet

1190 1910 1626 1976 vehementer
1682 1918 1926 1975 contra
1983 1910 2223 1974 ducem
2283 1909 2690 1983 Henricum‚
2736 1926 2820 1970 eo
2875 1903 3051 1987 quod

1192 2017 1524 2092 genuerat
1563 2009 1738 2073 duas
1788 2010 1965 2073 filias
2012 2029 2099 2073 ex
2149 2009 2478 2092 praedicta
2520 2006 2831 2082 Alienor,
2888 2023 3048 2087 qua-

1192 2116 1474 2193 propter
1503 2109 1725 2173 noluit
1759 2116 1837 2172 ut
1880 2108 2002 2172 illa
2047 2110 2135 2172 ab
2177 2109 2408 2191 aliquo
2451 2107 2630 2171 filios
2669 2106 3058 2188 susciperet,

1194 2229 1319 2292 per
1348 2228 1522 2292 quos
1554 2208 2157 2273 exhaeredarentur
2183 2207 2343 2272 filiae
2376 2214 2796 2272 memoratae.
2901 2204 3062 2266 Post

1195 2309 1444 2373 festum
1473 2328 1638 2372 vero
1677 2309 1900 2372 sancti
1934 2307 1979 2371 J
1985 2308 2299 2384 ohannis,
2337 2326 2491 2370 cum
2534 2306 2679 2369 dux
2726 2304 3065 2368 Hem-icus

1198 2415 1380 2472 esset
1422 2408 1605 2490 apud
1653 2406 2184 2485 Barbefluvium,
2230 2415 2308 2471 ut
2351 2407 2439 2470 ad
2471 2405 2795 2487 Angliam
2843 2411 3066 2467 trans-

1197 2507 1502 2583 fretaret,
1546 2517 2011 2571 convenerunt
2056 2507 2127 2570 in
2182 2526 2393 2571 unum
2444 2526 2568 2571 rex
2620 2506 3060 2580 Francorum,

1199 2605 1612 2669 Eustachius
1663 2605 1846 2669 filius
1884 2606 2066 2687 regis
2118 2606 2477 2688 Stephani,
2525 2624 2740 2670 comes
2791 2603 3057 2667 Rober-

1197 2715 1309 2770 tus
1371 2704 1809 2782 Perticensis,
1869 2723 2096 2768 comes
2161 2706 2509 2770 Henricus
2569 2703 3053 2786 Campanensis

1197 2813 1267 2868 et
1313 2803 1689 2868 Gaufridus
1746 2805 1956 2868 frater
1998 2804 2191 2869 ducis
2238 2804 2550 2882 Henrici,
2603 2824 2753 2867 cum
2799 2803 3056 2890 ingenti

1199 2905 1399 2987 copia
1439 2912 2001 2983 armatorum‚-ut
2020 2904 2177 2970 duci
2210 2905 2518 2972 Henrico
2553 2903 3067 2979 Normanniam,

1198 3004 1671 3086 Andegaviam
1718 3025 1872 3069 cum
1920 3004 2174 3071 ducatu
2224 3006 2645 3089 Aquitaniae,
2698 3011 2769 3067 et
2806 3023 3069 3067 omnem

1199 3113 1450 3168 terram
1492 3124 1636 3168 suae
1668 3103 2154 3169 dominationis
2209 3106 2576 3180 auferrent,
2622 3123 2832 3187 quam
2870 3104 3066 3167 etiam

1200 3204 1268 3267 hi
1331 3206 1630 3287 quinque
1683 3204 1815 3268 viri
1882 3210 2198 3287 potentes
2265 3206 2444 3270 inter
2508 3225 2583 3269 se
2646 3222 3070 3288 praepropere

1200 3304 1602 3369 diviserunt.
1724 3302 2228 3369 convenientes
2302 3305 2516 3386 igitur
2592 3323 2831 3367 omnes
2893 3302 3063 3386 apud

1204 3402 1913 3481 Novum-mercatum,
1952 3412 2251 3468 castrum
2294 3404 2647 3469 obsidione
2692 3404 3070 3476 cinxerunt,

1198 3509 1267 3565 et
1309 3502 1589 3569 fratrem
1621 3503 1815 3567 ducis
1859 3502 2265 3567 Gausridum
2305 3504 2640 3568 miserunt
2672 3523 2829 3567 cum
2873 3521 3065 3565 manu

1199 3610 1487 3678 armata,
1546 3610 1623 3665 ut
1684 3611 1926 3666 contra
1987 3604 2223 3667 ducem
2275 3601 2754 3686 Audegaviam
2812 3621 3066 3684 expug-

1202 3707 1417 3763 naret.
1545 3700 1722 3763 Haec
1772 3701 2056 3765 audiens
2108 3703 2250 3767 dux
2301 3703 2647 3768 Henricus
2694 3703 2979 3767 recessit
3030 3722 3068 3765 a

1202 3797 1666 3875 Barbefluvio,
1724 3800 2004 3865 obsesso
2068 3802 2352 3867 castello
2412 3823 2539 3887 pro
2603 3803 2863 3866 viribus
2922 3802 3073 3864 sub-

1202 3906 1553 3973 venturu8‚
1600 3898 1746 3975 sed,
1788 3906 2156 3983 antequam
2197 3903 2340 3966 dux
2378 3903 2540 3966 illuc
2589 3903 2880 3978 veniret,
2933 3901 3074 3965 red-

1202 3997 1416 4061 ditum
1456 4006 1563 4063 est
1593 3999 1950 4063 castellum
1990 4002 2133 4082 regi
2178 4002 2594 4066 Francorum
2635 4002 2876 4066 fraude
2911 3999 3073 4064 illud

1203 4097 1739 4175 observantium,
1784 4118 1865 4163 ac
1915 4100 1974 4162 si
2020 4109 2203 4165 esset
2254 4102 2586 4167 violenter
2644 4107 3071 4184 praereptum.

1203 4195 1401 4260 Tunc
1433 4197 1577 4261 dux
1621 4198 1967 4262 Henricus
2006 4208 2534 4266 castrametatus
2575 4209 2683 4265 est
2708 4202 2919 4286 juxta
2952 4200 3077 4263 flu·

1203 4296 1388 4359 vium
1422 4294 1764 4374 Andellae,
1803 4306 1870 4362 et
1902 4307 2165 4380 partem
2204 4301 2391 4365 illam
2420 4301 2782 4366 wilcasini
2813 4299 3073 4377 afflixit,

1202 4415 1358 4477 quae
1390 4405 1496 4462 est
1526 4398 1703 4461 inter
1736 4397 1964 4462 Iccam
1998 4398 2277 4464 flumina
2303 4409 2372 4465 et
2407 4400 2798 4467 Andellam.
2900 4400 3075 4464 Haec

1512 4613 1524 4643 ¹
1547 4616 1653 4671 Quo
1680 4615 1888 4677 audita]
1924 4614 2106 4664 Chron.
2136 4615 2374 4664 Norman.
2402 4630 2453 4676 p.
2477 4619 2592 4675 985,
2614 4612 2638 4680 ξ
2660 4630 2707 4664 c.
