3457 5887
1140 867 1278 933 364
1644 877 1911 927 nocam
1959 877 2054 923 nn
2098 854 2511 923 wunnovnn

826 1075 935 1117 Δ».
958 1074 1098 1116 m„
1143 1041 1431 1124 diligere
1464 1037 1860 1118 videretur3
1923 1054 2135 1119 super
2172 1032 2302 1097 hoc
2335 1048 2611 1116 quoque
2646 1050 2722 1093 se
2754 1028 3042 1113 J'udicio

1145 1141 1453 1208 ecclesiae
1501 1157 1784 1223 prorsus
1835 1134 2184 1218 exposuit,
2233 1140 2306 1197 et
2357 1128 2702 1194 humiliter
2743 1150 2819 1194 se
2866 1149 3042 1193 sus-

1146 1249 1506 1326 cepturum
1583 1236 1911 1323 quicquid
1983 1235 2058 1299 in
2129 1252 2287 1298 eum
2347 1231 2526 1295 foret
2590 1229 3041 1294 statuendum

1144 1340 1512 1407 salubriter
1569 1335 2058 1420 compromisit.
2162 1332 2363 1397 Misit
2402 1349 2572 1412 ergo
2611 1330 2894 1393 nuntios
2943 1328 3040 1392 ad

1144 1459 1481 1506 summum
1524 1437 1945 1523 pontificem,
1980 1433 2099 1518 qui
2134 1452 2292 1498 eum
2323 1437 2745 1495 excusarent
2772 1436 2845 1493 et
2886 1428 3039 1512 ejus

1144 1539 1607 1606 innocentiam
1648 1537 2055 1619 allegarent,
2086 1526 2105 1564 ¹
2120 1551 2296 1617 quos
2325 1550 2451 1595 nec
2489 1528 2815 1593 dominus
2854 1547 3038 1612 papa

1146 1640 1385 1706 videro
1422 1638 1668 1717 voluit,
1710 1656 1840 1701 nec
1884 1634 1972 1699 ad
2016 1632 2227 1718 pedes
2264 1629 2377 1695 vel
2418 1629 2507 1694 ad
2551 1628 2865 1692 osculum
2908 1629 3031 1691 ad-

1145 1741 1418 1805 mittere
1459 1737 1924 1820 dignabatur3
1996 1732 2116 1797 sed
2179 1730 2485 1808 nuntios,
2548 1729 2669 1812 qui
2723 1728 3026 1792 secundo

1147 1840 1338 1904 missi
1359 1839 1661 1917 fuerunt,
1690 1835 1904 1920 aliqui
1936 1832 2382 1899 cardinalium
2418 1837 2880 1911 susceperunt,
2899 1828 3018 1892 sed

1146 1940 1376 2005 verbis
1436 1944 1732 2005 tantum.
1846 1934 2164 2000 Instante
2221 1928 2497 1995 tandem
2560 1929 2799 2011 quinta
2855 1927 3020 1991 feria

1149 2047 1312 2105 ante
1367 2036 1667 2115 Pascha,
1715 2037 1787 2100 in
1841 2053 1982 2118 qua
2026 2032 2112 2097 de
2166 2029 2661 2095 consuetudine
2697 2027 3022 2092 Romanae

1151 2137 1460 2204 ecclesiae
1526 2136 1707 2201 solet
1766 2154 1951 2218 papa
2007 2132 2277 2216 publice
2333 2129 2446 2194 vel
2503 2127 2865 2194 absolvere
2925 2127 3025 2192 vel

1152 2236 1769 2313 excommunicare,
1817 2232 2229 2318 quibusdam
2274 2229 2531 2294 domini
2579 2246 2786 2311 papae
2830 2226 3025 2290 silen-

1153 2338 1376 2403 tiariis
1425 2335 1514 2402 ad
1569 2354 1772 2400 aures
1818 2333 2212 2398 nuntiorum
2270 2330 2455 2413 reg-is
2510 2328 3029 2412 perferentibus»,

1149 2437 1451 2515 devenit,
1492 2435 1677 2519 quod
1715 2453 1899 2518 papa
1935 2432 2174 2498 eodem
2224 2430 2336 2495 die
2385 2428 2780 2493 decreverat
2822 2428 2896 2491 in
2929 2446 3029 2490 re·

1150 2553 1307 2620 gem
1361 2534 1641 2617 Angliae
1700 2533 2129 2610 nominatim,
2193 2538 2265 2595 et
2320 2530 2395 2594 in
2448 2528 2756 2592 omnibus
2821 2527 3026 2591 terris

1150 2637 1318 2715 suis,
1353 2635 1449 2699 de·
1466 2634 1813 2699 communi
1844 2633 2135 2697 fratrum
2165 2649 2443 2695 suorum
2484 2627 2763 2692 consilio
2805 2627 3027 2690 inter·

1149 2736 1314 2800 dicti
1353 2734 1530 2799 ferre
1580 2733 2015 2811 sententiam,
2065 2739 2136 2795 et
2182 2749 2359 2808 eam,
2406 2747 2556 2811 quae
2601 2727 2749 2790 lata
2794 2726 3025 2789 suerat

1149 2835 1223 2899 in
1256 2834 1842 2917 archiepiscopum
1888 2831 2389 2896 Eboracensem
2433 2834 2504 2892 et
2546 2826 2720 2890 alios
2749 2823 3027 2906 Angliae

1151 2936 1534 3020 episcopos,
1565 2932 1995 2999 confirmare.
2096 2930 2211 2995 Sic
2245 2927 2467 2995 nuntii
2497 2927 2683 3009 regis
2723 2926 2799 2990 in
2841 2931 3031 2990 arcto

1155 3037 1386 3121 positi,
1414 3033 1819 3118 quibusdam
1850 3030 2314 3097 cardinalibus
2345 3027 2622 3092 domino
2642 3045 2847 3110 papae
2871 3045 3029 3107 sug·

1153 3134 1573 3219 gerentibus,
1618 3132 1804 3217 quod
1848 3131 2055 3196 iidem
2098 3129 2322 3195 nuntii
2363 3147 2409 3192 a
2451 3146 2616 3208 rege
2646 3124 3030 3208 Anglorum

1154 3242 1565 3320 acceperant
1602 3233 1675 3296 in
1714 3230 2083 3307 mandatiS,
2130 3236 2210 3293 ut
2245 3228 2564 3313 jurarent
2620 3245 2854 3308 regem
2888 3224 3031 3289 An·

1153 3335 1423 3419 glorum
1470 3333 1621 3418 ejus
1674 3339 1747 3396 et
1795 3329 2241 3395 cardinalium
2276 3326 2543 3413 judicio
2583 3332 2933 3390 staturum
2968 3332 3033 3388 et

1152 3455 1277 3520 per
1325 3434 1556 3499 omnia
1595 3431 2019 3516 pariturum;
2084 3429 2264 3493 sicut
2317 3427 2526 3491 etiam
2576 3425 2806 3489 nuntii
2855 3425 3032 3506 reg-is

1153 3535 1520 3619 petierunt,
1548 3534 1650 3598 ita
1667 3531 2080 3618 juraverunt
2123 3536 2196 3593 et
2235 3525 2580 3591 interdicti
2622 3526 3027 3589 sententiam

1152 3634 1606 3699 declinarunt.
1709 3629 1960 3696 Nuntii
1992 3648 2157 3695 vero
2198 3624 2655 3691 Eboracensis
2699 3623 3026 3707 archiepi-

1151 3732 1347 3815 scopi
1395 3741 1468 3798 et
1513 3733 1806 3797 aliorum
1861 3729 2333 3814 episcoporum
2383 3724 2664 3809 Angliae
2709 3724 2881 3788 idem
2931 3723 3025 3786 se·

1151 3839 1412 3897 cerunt.
1517 3831 1779 3896 Eodem
1833 3837 1980 3894 tum
2032 3828 2144 3893 die
2184 3846 2366 3911 papa
2413 3822 3032 3891 excommunicavit

1151 3931 1714 3997 sceleratissimos
1745 3930 2215 3995 interfectores
2261 3927 2443 3992 beati
2486 3925 2801 4002 Tbomae,
2848 3923 3030 3988 Gan-

1153 4031 1518 4097 tuariensis
1575 4028 2072 4113 archiepiscopi
2134 4035 2206 4093 et
2258 4025 2602 4110 martyriS,
2666 4032 2742 4088 et
2800 4042 3029 4087 omnes

1151 4132 1269 4216 qui
1310 4130 1697 4207 consilium,
1748 4130 2086 4194 auxilium
2136 4128 2246 4192 vel
2304 4144 2712 4191 consensum
2762 4125 3027 4206 praebu·

1153 4238 1380 4310 erunt,
1418 4237 1491 4295 et
1536 4248 1775 4293 omnes
1817 4229 1939 4313 qui
1986 4247 2105 4292 eos
2152 4228 2225 4291 in
2258 4234 2444 4291 terra
2486 4244 2620 4292 sua
2655 4223 3026 4307 reciperent

1223 4458 1382 4516 'Quot
1411 4471 1495 4506 nec
1520 4454 1739 4505 minu
1759 4468 1884 4517 papa
1904 4452 2066 4501 videre
2112 4450 2212 4501 and
2243 4449 2516 4512 reception,
2549 4462 2669 4509 may
2689 4449 2754 4497 be
2790 4445 2941 4496 found
2970 4447 3019 4493 in

1148 4529 1360 4593 eamq
1415 4528 1464 4576 A
1499 4529 1644 4577 letter
1677 4524 1802 4573 from
1839 4523 1923 4572 the
1951 4522 2065 4571 four
2111 4521 2195 4570 tbe
2224 4521 2333 4570 fifth
2364 4519 2496 4570 book
2525 4518 2585 4567 of
2610 4518 2695 4567 the
2725 4517 2914 4580 letters,
2944 4530 3021 4577 ep.

1147 4599 1498 4650 ambausadors
1518 4596 1634 4647 who
1648 4593 1862 4644 reached
1888 4593 2064 4651 Rome,
2110 4591 2310 4642 lxxxiii.

1150 4670 1323 4733 giving
1334 4683 1400 4720 an
1421 4673 1632 4719 account
1645 4664 1702 4715 of
1710 4665 1841 4714 their
1847 4665 2061 4726 Journey
