3457 5887
1185 787 1317 852 392
1691 803 1952 850 nocam
1999 802 2091 849 οε
2138 801 2548 849 wnnoovssn

874 980 984 1020 ω).
1004 979 1116 1019 ιιη.
1189 960 1612 1025 interessent.
1722 957 1875 1022 Illis
1937 965 2259 1024 eventum
2319 958 2417 1022 rei
2474 958 3053 1039 praestolantibus,

873 1030 1168 1130 mgi-
1192 1079 1375 1143 saepe
1427 1060 1650 1123 dictus
1698 1057 1897 1122 homo
1948 1057 2404 1141 praecedebat,
2460 1056 2775 1122 fratribus
2820 1057 3050 1139 plani-

1193 1160 1358 1224 tiem
1400 1157 1764 1222 ostendens
1808 1164 2198 1221 sanctorum
2243 1176 2532 1239 corpora
2574 1158 3052 1220 continentem.

1195 1258 1367 1322 Erat
1409 1265 1639 1322 autem
1683 1256 1852 1321 seria
1893 1262 2093 1320 sexta
2136 1265 2295 1319 ante
2337 1256 2834 1320 solemnitatem
2871 1254 3062 1317 beati

1194 1357 1450 1422 Albani
1514 1356 1790 1438 quando
1854 1354 1998 1418 haec
2058 1354 2246 1419 facta
2306 1362 2490 1431 sunt,
2554 1372 2694 1436 qua
2758 1352 3061 1438 ejusdem

1195 1457 1417 1520 sancti
1445 1457 1674 1539 passio
1710 1454 2109 1519 celebratur.
2186 1452 2300 1517 Ab
2328 1453 2447 1517 illo
2480 1473 2647 1534 ergo
2677 1453 2814 1529 die,
2846 1471 3059 1535 usque

1195 1574 1331 1637 quo
1362 1555 1612 1620 elevati
1638 1554 1914 1619 fuerunt
1941 1552 2186 1630 sancti,
2228 1552 2379 1616 loco
2425 1552 2522 1615 illi
2568 1552 2886 1616 custodia
2928 1570 3061 1615 non

1196 1654 1431 1730 defuit,
1463 1654 1581 1719 sed
1635 1653 1882 1717 fratres
1922 1652 2184 1737 jugiter
2225 1670 2380 1715 cum
2427 1651 2623 1715 laicis
2678 1650 3058 1715 adfuerunt.

1199 1753 1594 1818 Conventus
1658 1752 1930 1818 interim
1988 1751 2477 1816 continentiam
2539 1751 2704 1815 vitae
2764 1750 3059 1831 suscepit

1199 1854 1535 1929 arctioriS‚
1565 1858 1658 1930 et,
1691 1859 1955 1916 statuto
1995 1869 2149 1914 cum
2198 1850 2632 1932 processione
2682 1850 3056 1914 orationum

1200 1951 1547 2034 suffragio,
1596 1952 1896 2017 solemne
1935 1949 2272 2034 jejunium
2324 1949 2580 2032 populo
2635 1950 3056 2032 praedicatur.

1200 2051 1247 2115 J
1253 2071 1364 2116 am
1418 2052 1608 2115 locus
1678 2051 1795 2115 ille
1848 2050 2094 2114 futurae
2145 2049 2559 2113 inventionis
2612 2048 3060 2112 nundinarum

1204 2149 1711 2215 similitudinem
1773 2149 2201 2232 praeferebat,
2253 2155 2324 2211 et
2370 2148 2841 2212 recedentibus
2892 2147 3063 2222 aliis,

1206 2269 1381 2333 quos
1433 2250 1658 2315 servor
1706 2248 2088 2313 devotionis
2143 2246 2549 2324 adduxerat,
2599 2247 2717 2311 alii
2766 2247 3067 2330 quotidie

1204 2349 1678 2414 succedebant.

1219 2488 1224 2493 ’
1337 2520 1433 2582 De
1459 2517 1698 2584 duabus
1723 2517 2077 2584 mulieribus
2104 2518 2192 2583 ibe·
2222 2522 2480 2598 curatis,
2510 2520 2649 2584 am
2673 2529 2925 2584 mom

1953 2628 2333 2704 quaeretur.

1308 2738 1527 2804 Porro
1556 2740 1909 2822 signorum
1938 2742 2155 2819 initia,
2190 2760 2344 2823 quae
2372 2740 2589 2805 adbuc
2623 2741 2840 2805 sancti
2884 2760 3072 2804 mar·

1212 2846 1399 2922 tyres
1440 2838 1512 2902 in
1562 2841 1766 2905 corde
1809 2847 2010 2905 terrae
2058 2840 2353 2906 latentes
2400 2842 2472 2904 in
2511 2841 2887 2924 auspicium
2922 2841 3069 2922 spei

1215 2938 1511 3004 melioris
1591 2940 1982 3023 patrabant,
2057 2940 2421 3005 multorum
2504 2949 2828 3024 poterunt
2883 2939 3072 3005 testi-

1217 3039 1445 3103 monio
1497 3039 1926 3118 confirmari;
1989 3040 2232 3104 mulier
2289 3059 2581 3123 namque
2631 3040 2948 3122 quaedam
2995 3040 3075 3104 de

1221 3136 1635 3216 Gatesdene‚
1679 3138 2111 3221 scapularum
2155 3147 2224 3203 et
2278 3159 2513 3204 renum
2560 3140 2917 3204 debilitate
2960 3159 3077 3222 per

1221 3236 1451 3301 decem
1513 3256 1727 3301 annos
1788 3237 2087 3315 detenta,
2144 3237 2290 3322 jam
2332 3246 2611 3322 propter
2652 3240 3072 3321 aegritudinis

1224 3335 1710 3418 turpitudinem
1749 3339 1995 3401 marito
2042 3337 2392 3420 despectui
2438 3338 2862 3419 habebatur;
2907 3357 3073 3422 quae,

1225 3435 1534 3518 proprios
1576 3454 1850 3518 egressa
1882 3436 2051 3500 fines
2094 3442 2166 3500 et
2206 3456 2329 3519 per
2360 3436 2831 3502 Redburniam
2869 3447 3078 3503 trans-

1224 3533 1396 3597 itum
1452 3534 1737 3612 faciens,
1790 3535 1999 3619 juxta
2067 3543 2456 3601 sanctorum
2520 3545 2894 3621 martyrum
2965 3537 3074 3600 de-

1226 3632 1459 3697 cubuit
1489 3634 1969 3715 sepulturam,
2026 3654 2152 3698 nec
2208 3635 2293 3699 de
2334 3635 2485 3700 loco
2529 3638 2831 3702 surrexit
2869 3637 3073 3700 donec

1224 3731 1509 3795 sanitati
1554 3733 1859 3813 pristinae
1903 3732 2315 3798 redderetur.
2417 3733 2662 3799 Altera
2714 3735 2797 3799 de
2848 3735 3076 3798 Dune—

1225 3830 1503 3910 staplia,
1537 3833 1808 3896 nomine
1841 3831 2118 3909 Cecilia,
2151 3832 2221 3895 in
2259 3832 2644 3916 hydropisis
2687 3835 3077 3916 aegritudine

1229 3929 1423 3991 annis
1485 3929 1777 3994 sedecim
1838 3931 2226 4009 transactis,
2281 3932 2592 3996 habentis
2636 3934 2710 3997 in
2756 3940 2949 3998 utero
2990 3935 3083 3997 si-

1229 4026 1671 4092 militudinem
1726 4031 2180 4111 praeferebat3
2236 4029 2383 4095 haec
2433 4032 2521 4095 ad
2565 4032 2720 4097 loca
2765 4033 3088 4115 praedicta

1232 4144 1375 4189 suae
1420 4127 1662 4191 salutis
1705 4129 1911 4193 avida
1953 4130 2356 4213 perveniens
2402 4130 2585 4196 illico
2638 4141 2943 4215 optatam
2987 4152 3091 4196 re-

1234 4226 1414 4308 cepit
1440 4225 1824 4292 sanitatem.
1890 4228 2068 4293 Item
2095 4229 2326 4312 puella
2356 4230 2906 4314 quinquennalis,
2935 4251 3090 4314 quae

1219 4343 1578 4407 nunquam
1630 4345 1673 4389 a
1722 4327 2084 4392 nativitate
2136 4328 2342 4410 pedes
2381 4330 2778 4408 incesserat,
2831 4350 3095 4414 semper

1219 4432 1593 4505 =parentum
1615 4425 1989 4491 ministerio
2020 4429 2455 4510 portabatur-3
2492 4428 2662 4507 haec,
2683 4430 2868 4513 quod
2902 4431 3096 4494 multi

1237 4522 1534 4588 fidelium
1565 4534 2098 4608 conspexerunt,
2117 4527 2325 4609 juxta
2371 4528 2590 4592 locum
2635 4537 3095 4611 praetaxatum
