3457 5887
910 852 1185 900 nonus
1228 852 1763 903 msa-omniun.
2156 837 2290 903 3⁰75

409 1008 531 1073 filii
572 1011 684 1075 sui
732 1010 1048 1076 militiam
1092 1011 1273 1094 apud
1322 1010 1694 1076 Dolensem
1746 1011 1985 1076 urbem
2035 1031 2080 1078 a
2116 1013 2284 1094 suis,
2305 1024 2416 1068 M>-
2436 1025 2545 1068 ¹1⁷&

411 1128 456 1173 a
519 1110 913 1183 Brebantiis
977 1116 1050 1175 et
1116 1111 1440 1193 ruptariis
1509 1111 2028 1176 circumclusam
2062 1131 2083 1192 3
2164 1115 2283 1196 qui

408 1210 731 1276 continuo
795 1229 1013 1292 equos
1091 1210 1464 1274 ascendens
1524 1210 1843 1294 sequenti
1915 1230 2115 1276 mane
2191 1213 2281 1277 ad

406 1310 642 1373 urbem
695 1309 1010 1393 pervenit
1056 1308 1437 1392 praefatam‚
1490 1317 1560 1375 et
1620 1309 1937 1374 militiam
1996 1309 2121 1374 filii
2171 1312 2280 1376 sui

405 1408 536 1472 sibi
569 1415 1062 1492 repugnantem
1107 1424 1231 1491 per
1269 1408 1416 1473 dies
1453 1408 1717 1492 aliquot
1744 1408 2279 1492 comprehendit,

407 1507 551 1585 sed,
594 1509 995 1591 priusquam
1036 1508 1327 1585 veniret,
1377 1508 1674 1572 hostium
1720 1527 2000 1573 suorum
2051 1510 2273 1574 maxi-

406 1624 518 1670 ma
557 1608 924 1672 multitudo
955 1624 1001 1670 a
1036 1608 1181 1671 suis
1223 1607 1547 1689 ruptariis
1583 1607 1809 1672 fuerat
1845 1608 2275 1692 interempta.

399 1704 670 1788 Captus
721 1714 828 1772 est
868 1706 1119 1770 ibidem
1164 1725 1391 1770 comes
1421 1705 1804 1771 cestrensis
1839 1706 2274 1791 Ranulphus,

402 1804 522 1888 qui
558 1825 775 1888 nuper
815 1804 1271 1888 transfugium
1301 1804 1463 1869 fecit
1502 1805 1589 1868 ad
1627 1805 1844 1869 filium
1874 1825 2099 1885 suum,
2131 1807 2277 1873 Ra-

402 1904 700 1987 dulphus
744 1906 829 1970 de
878 1904 1244 1987 Fulgeriis,
1279 1903 1669 1969 Willelmus
1709 1903 2078 1984 Patricius,
2126 1907 2272 1972 Ra-

401 2003 700 2086 dulphus
729 2004 815 2069 de
844 2004 917 2068 la
950 2003 1159 2081 Haie,
1189 2003 1639 2086 Hasculphus
1674 2003 1761 2067 de
1797 2012 2035 2069 sancto
2070 2004 2271 2071 Hila-

405 2104 532 2179 riO,
575 2112 646 2168 et
688 2121 841 2167 cum
883 2103 1037 2168 istis
1078 2103 1329 2168 milites
1370 2110 1617 2186 quater
1646 2103 1916 2185 viginti.
2016 2104 2273 2169 Eodem

403 2208 709 2285 tempore
744 2210 1101 2285 magnates
1136 2200 1409 2286 Angliae
1439 2221 1594 2266 cum
1628 2195 1971 2267 ¹exercitu
2006 2203 2273 2268 infinito

401 2301 489 2365 ad
528 2301 847 2384 Hugonis
886 2302 1109 2385 Bigod
1143 2302 1532 2385 superbiam
1574 2302 2072 2385 reprimendam
2112 2323 2272 2386 pro-

403 2400 587 2479 fecti,
616 2421 769 2466 cum
797 2401 883 2465 de
912 2400 1096 2465 facili
1125 2408 1358 2484 posset
1384 2402 1796 2485 expugnari,
1834 2402 2014 2465 sicut
2056 2403 2273 2466 omni-

401 2501 529 2563 bus
568 2501 950 2578 videbatur,
998 2501 1391 2567 interventu
1433 2501 1768 2584 pecuniae,
1811 2499 1993 2565 datis
2037 2507 2109 2565 et
2156 2520 2272 2566 ac-

397 2601 614 2682 ceptis
656 2600 947 2664 induciis
991 2619 1208 2683 nsque
1261 2601 1349 2665 ad
1407 2600 1891 2678 Pentecosten,
1943 2607 2274 2682 quatuor-

394 2699 612 2763 decim
668 2699 886 2764 millia
936 2699 1458 2765 Flandrensium
1509 2708 1929 2766 armatorum
1969 2719 2093 2783 per
2138 2700 2270 2764 Es-

395 2799 661 2863 sexiam
693 2806 764 2864 et
793 2797 1112 2864 Cantium
1155 2818 1470 2864 securum
1499 2801 1940 2884 praebuerunt
1975 2800 2271 2864 conduc-

395 2904 543 2963 tum
576 2906 648 2965 et
677 2899 859 2982 apud
894 2899 1241 2965 Doveram
1278 2919 1490 2966 naves
1530 2900 1618 2965 ad
1662 2898 2266 2966 transfretandum.

395 2998 656 3064 Eodem
702 3018 882 3064 anno
925 3000 1185 3064 electus
1218 2998 1737 3066 Cantuariensis
1778 3000 2072 3064 Romam
2111 3019 2269 3083 pro-

394 3098 702 3164 ficiscens
745 3099 989 3164 habuit
1027 3100 1102 3163 in
1145 3100 1477 3165 comitatu
1513 3099 2050 3165 Bathoniensem
2091 3098 2270 3164 elec-

394 3203 564 3263 tum.

394 3373 495 3439 De
525 3371 898 3438 mbvorsim
922 3373 1115 3438 omn·
1136 3370 1424 3437 Aoeihobm
1450 3378 1507 3435 et
1533 3388 1762 3456 maqna
1793 3368 2031 3433 „uzecia
2064 3375 2268 3454 capta.

498 3495 703 3561 Anno
737 3496 1018 3561 Domini
1046 3512 1401 3560 ucmzxw.
1430 3488 1788 3576 'Rogems
1819 3493 1906 3558 de
1929 3493 2005 3557 M
2011 3494 2271 3558 olbraio
2293 3501 2533 3601 &¹32⁴-

393 3616 441 3660 a
473 3596 806 3661 fidelitate
838 3596 1019 3678 regis
1049 3595 1339 3660 senioris
1373 3594 1694 3658 recedens
1737 3594 1810 3657 in
1844 3593 2075 3656 insula
2097 3591 2267 3657 Axi-
2290 3603 2507 3693 33:233

390 3696 580 3760 holm
603 3696 963 3760 castellum
991 3696 1080 3759 ab
1109 3695 1395 3777 antiquo
1425 3693 1726 3757 dirutum
1757 3692 2139 3776 reparavit3
2177 3692 2266 3756 ad

386 3814 593 3879 quem
653 3795 1021 3859 multitudo
1073 3792 1649 3858 Lincolniensium
1707 3792 1986 3874 navigio
2039 3798 2266 3855 trans-

388 3901 592 3961 vecta
631 3894 989 3958 castellum
1032 3893 1323 3970 obsedit,
1356 3891 1933 3957 constabularium
1981 3898 2054 3955 et
2086 3890 2263 3954 mili-

386 4002 494 4058 tes
524 4013 760 4058 omnes
788 3993 876 4057 ad
903 3993 1315 4058 deditionem
1342 3990 1592 4073 coegit,
1620 3997 1692 4055 et
1719 3990 2074 4054 castellum
2104 3991 2266 4053 sub-

387 4094 615 4160 vertit.
719 4092 976 4158 Eodem
1032 4101 1361 4174 tempore,
1418 4089 1636 4175 pridie
1687 4088 2017 4154 kalendas
2065 4086 2264 4165 Maii,

459 4315 734 4368 ¹Exercitu
767 4309 1005 4384 infinita]
1046 4318 1187 4381 They
1219 4334 1305 4369 as-
1359 4319 1455 4368 col.
1502 4321 1634 4379 5743
1686 4316 1952 4378 Roudon,
1994 4320 2109 4376 53¹1,
2150 4314 2266 4364 who

385 4389 611 4437 sembled
646 4397 702 4438 at
735 4389 1041 4450 Colcbester‚
1076 4390 1216 4450 Bury
1251 4390 1306 4439 S.
1358 4388 1484 4438 calls
1502 4387 1587 4436 the
1607 4388 1764 4437 cattle
1786 4383 2266 4443 Kinardeserie,and

391 4458 693 4523 Edmund’s,
713 4459 812 4509 and
826 4460 1081 4522 Ipswicb5
1105 4459 1306 4522 Diceto,
1358 4459 1506 4518 adds,
1542 4457 1651 4507 that
1691 4459 1734 4505 it
1780 4470 1889 4504 was
1940 4453 2155 4503 stoi-med
2198 4453 2266 4513 by

388 4528 491 4578 col.
515 4531 629 4577 574.
1358 4527 1613 4590 Geofl'oey,
1657 4525 1836 4588 bishop
1879 4524 2009 4574 elect
2048 4521 2107 4572 of
2144 4522 2266 4571 Lin-

462 4593 721 4660 'Rogenoe
733 4599 790 4648 de
807 4592 1090 4667 Memmia]
1106 4599 1308 4661 Diceto,
1357 4597 1486 4647 coln.
