3457 5887
923 867 1194 918 nonne
1240 867 1769 916 msronmnuu.
2146 849 2276 914 423

568 1099 664 1161 De
691 1098 966 1182 captione
991 1106 1212 1163 samtae
1238 1098 1437 1162 crucis
1462 1106 1518 1163 et
1550 1100 1709 1184 rofio
1730 1098 2120 1164 Hierusalem

1112 1219 1156 1261 a
1184 1196 1552 1261 Salaadino.

509 1314 851 1385 Audiens¹
880 1327 1106 1384 autem
1139 1320 1570 1397 Salaadinus‚
1612 1319 1796 1402 quod
1838 1339 1964 1383 rex
2005 1321 2079 1383 in
2121 1337 2275 1383 suc·
2302 1332 2543 1423 mg?-

412 1438 688 1485 cursum
739 1419 1004 1484 veniret
1045 1420 1501 1495 obsessorum,
1552 1420 1983 1483 venientibus
2027 1417 2277 1482 audac·
2304 1433 2502 1474 ribertu-

417 1527 523 1582 ter
560 1519 875 1597 occurrit,
918 1526 1012 1595 et,
1054 1537 1208 1582 cum
1251 1537 1369 1583 eos
1408 1518 1482 1582 in
1527 1518 1830 1600 scopulis
1866 1517 2178 1599 angustis
2212 1524 2283 1581 et

417 1619 779 1700 praeruptis
805 1618 1106 1683 inclusos
1127 1617 1587 1700 cognovisset,
1611 1637 1747 1682 non
1775 1618 1979 1699 longe
2009 1635 2053 1679 a
2079 1616 2283 1679 Tibe-

416 1715 627 1794 riade,
649 1718 722 1780 in
752 1718 906 1781 loco
936 1716 1056 1799 qui
1083 1712 1525 1781 Marescallia
1550 1714 1821 1793 dicitur,
1849 1717 1920 1779 in
1948 1715 2134 1796 regis
2164 1730 2285 1779 ex-

418 1817 704 1880 ercitum
743 1816 944 1879 irruit
979 1812 1438 1893 confidenter3
1488 1815 1700 1896 igitur
1724 1812 2095 1879 Christiani
2127 1814 2286 1878 hos-

423 1922 528 1979 tes
560 1913 848 1979 viriliter
876 1920 1314 1996 exceperunt,
1346 1920 1677 1995 quantum
1704 1913 2008 1976 locorum
2040 1932 2286 1995 angus-

424 2015 541 2077 tiae
572 2013 1080 2096 permittebantb
1181 2011 1578 2093 Pugnatum
1610 2018 1717 2075 est
1748 2011 1998 2075 acriter
2027 2011 2185 2075 hinc
2218 2021 2290 2077 et

425 2113 585 2178 inde
613 2118 684 2176 et
723 2119 1126 2177 corruerunt
1155 2110 1520 2188 interfecti,
1561 2118 1817 2189 tamen,
1860 2111 2292 2192 exigentibus

428 2210 976 2276 Christianorum
1025 2212 1347 2294 peccatis,
1402 2209 1767 2293 praevaluit
1812 2210 2086 2274 tandem
2134 2226 2294 2292 pars

428 2310 719 2376 adversa
766 2329 785 2391 ς
852 2328 1048 2388 nam,
1094 2318 1174 2375 ut
1229 2309 1448 2387 aiunt,
1509 2326 1739 2375 comes
1791 2309 2292 2392 Tripolitanus,

435 2411 697 2475 militiae
748 2410 1087 2493 princeps,
1130 2409 1461 2474 vexillum
1508 2406 1690 2491 regis
1735 2409 1809 2472 in
1845 2415 2096 2473 terram
2137 2425 2296 2491 pro-

430 2509 675 2577 ditiose
737 2509 1101 2574 demittens
1164 2508 1593 2574 Christianos
1652 2506 1816 2572 fecit
1868 2507 2103 2590 fugam
2156 2516 2298 2571 mea

432 2610 659 2686 ditari,
723 2609 842 2673 sed
903 2626 1041 2692 quo
1104 2606 1443 2690 fugerent,
1509 2608 1642 2672 nisi
1700 2608 1775 2672 iu
1838 2607 2094 2686 hostes,
2162 2624 2299 2670 non

433 2709 779 2773 habentes.
905 2708 1064 2773 Rex
1119 2708 1348 2772 Guido
1403 2714 1647 2790 captus
1707 2714 1816 2772 est
1875 2726 2030 2772 cum
2098 2724 2299 2770 cruce

434 2816 698 2885 sancta,
726 2815 798 2872 et
827 2809 1047 2871 omnis
1075 2806 1441 2872 multitudo
1485 2824 1721 2872 eorum
1768 2813 1974 2890 capta
2015 2807 2145 2870 fuit
2187 2806 2299 2871 vel

437 2908 685 2990 gladiis
728 2907 1130 2989 interfecta3
1175 2914 1542 2973 evaserunt
1572 2914 1804 2972 tamen
1833 2908 1920 2971 ab
1949 2906 2077 2971 hac
2106 2904 2300 2971 clade

439 3026 665 3073 comes
695 3008 1167 3091 Tripolitanus
1209 3007 1371 3072 licet
1409 3008 1719 3072 omnibus
1762 3015 2146 3090 suspectus,
2179 3006 2301 3069 do-

438 3109 662 3172 miuus
708 3107 1134 3190 Reginaldus
1178 3106 1473 3190 Sydonis
1522 3114 1876 3189 patronus,
1928 3117 2138 3189 atque
2178 3104 2300 3170 do-

440 3209 663 3271 miuus
732 3207 1063 3271 Balianus
1135 3225 1288 3271 cum
1365 3207 1603 3288 paucis
1658 3205 1986 3270 fratribus
2043 3204 2306 3268 militiae

441 3306 734 3389 Templi.
826 3306 1045 3370 Facta
1073 3313 1179 3370 est
1212 3312 1441 3370 autem
1473 3303 1620 3369 haeo
1663 3306 1913 3368 misera
1952 3304 2112 3368 belli
2145 3319 2309 3367 con-

445 3408 707 3488 gressio
745 3407 988 3488 quinto
1030 3403 1290 3470 scilicet
1333 3412 1404 3469 et
1438 3411 1685 3487 quarto
1727 3422 1947 3468 nonas
1979 3404 2026 3468 J
2031 3403 2178 3480 ulii,
2204 3404 2309 3466 in-

445 3505 552 3568 fra
592 3511 875 3569 octavas
920 3505 1384 3587 apostolorum
1427 3503 1619 3569 Petri
1657 3511 1728 3568 et
1754 3503 1980 3567 Pauli.
2069 3502 2313 3566 Evasit

447 3605 650 3669 etiam
696 3604 785 3667 ab
824 3604 953 3668 hac
995 3604 1189 3669 clade
1227 3603 1716 3681 Theodoricus‚
1762 3602 2101 3686 Magister
2142 3601 2315 3665 mili-

448 3704 565 3768 tiae
595 3703 887 3786 Templi,
931 3704 1050 3787 qui
1098 3710 1328 3767 tamen
1363 3704 1516 3786 ipso
1559 3703 1669 3769 die
1714 3699 2044 3766 ducentos
2082 3707 2152 3766 et
2195 3701 2317 3764 tri-

447 3803 643 3884 ginta
689 3802 777 3866 de
828 3803 1152 3867 fratribus
1206 3803 1458 3867 amisit.
1546 3800 1796 3866 Comes
1845 3800 2316 3883 Tripolitanae

450 3901 575 3966 hoc
624 3900 805 3984 quod
856 3901 1005 3966 sine
1063 3901 1419 3983 sanguinis
1480 3901 1807 3965 effusione
1857 3907 2193 3977 evaserat,
2244 3900 2317 3963 in

450 4007 922 4083 argumentum
980 4002 1376 4065 sumebatur
1422 4008 1663 4066 contra
1714 4001 1963 4083 ipsum,
2008 3998 2190 4084 quod
2246 3999 2320 4061 in

451 4119 679 4182 regem
721 4106 792 4164 et
823 4101 1149 4184 populum
1177 4099 1310 4164 Dei
1352 4099 1723 4183 proditiose
1763 4101 2039 4182 egisset.
2116 4096 2322 4179 Capti

453 4208 614 4264 sunt
643 4201 844 4264 etiam
887 4213 1042 4263 cum
1071 4219 1274 4263 cruce
1317 4200 1468 4284 ejus
1505 4200 1929 4284 bajulatores
1962 4198 2322 4280 episcopus

530 4424 816 4491 Modicum]
851 4427 1096 4489 Compare
1119 4424 1367 4486 Neubrig.
1417 4424 1683 4487 preserved
1720 4438 1755 4471 a
1794 4422 1941 4472 letter
1981 4419 2105 4468 from
2142 4431 2235 4467 one
2278 4418 2336 4467 os

458 4497 533 4546 iii.
569 4497 597 4560 ς
623 4501 702 4557 17,
735 4497 977 4546 Bermrd.
1006 4496 1250 4546 Thesaur.
1274 4495 1369 4543 col.
1422 4493 1505 4543 the
1524 4494 1804 4555 Templars,
1826 4490 1998 4553 giving
2026 4502 2092 4538 nn
2122 4492 2333 4537 account

461 4571 576 4628 790,
595 4567 711 4617 Jac.
733 4567 797 4615 de
817 4567 1059 4628 Vifflaco,
1083 4568 1227 4626 1117,
1247 4564 1371 4612 with
1423 4562 1480 4612 of
1494 4562 1631 4612 these
1654 4567 1842 4612 events.

466 4636 729 4700 Hoveden,
750 4652 800 4699 p.
824 4640 940 4700 6⁸6,
965 4637 1132 4685 where
1164 4635 1301 4684 there
1331 4636 1374 4683 is
