3457 5887
912 1008 1024 1048 As).
1051 1009 1160 1048 116⁴.

911 1058 1215 1099 constantim·

913 1109 1212 1150 οἰσὶ-ποιησει.

1236 818 1366 885 302
1745 830 2008 879 uocum
2057 830 2150 878 nn
2195 830 2604 880 wunnovn

1238 993 1446 1075 cipiet
1485 1010 1719 1055 omnes
1763 989 2068 1055 redditus
2111 998 2183 1054 et
2234 990 2462 1055 exitus
2509 992 2688 1055 sicut
2731 990 3108 1055 dominicos

1238 1092 1539 1156 redditus
1567 1109 1754 1154 suos.
1858 1090 1950 1155 Et
1982 1109 2139 1154 cum
2171 1098 2453 1155 ventum
2486 1090 2690 1155 fuerit
2727 1090 2815 1154 ad
2861 1108 3104 1153 consu-

1237 1191 1513 1256 lendum
1556 1190 1941 1267 ecclesiam,
1985 1189 2188 1253 debet
2236 1190 2552 1254 dominus
2602 1209 2726 1254 rex
2784 1189 3112 1253 mandare

1233 1292 1534 1375 potiores
1567 1308 1897 1372 personas
1927 1290 2256 1365 ecclesiae,
2301 1289 2436 1373 [et]
2474 1292 2547 1354 in
2591 1288 2861 1372 capella
2898 1289 3110 1371 ipsius

1235 1390 1415 1472 regis
1477 1389 1680 1454 debet
1721 1389 1868 1453 fieri
1911 1389 2178 1464 electio,
2223 1407 2510 1453 assensu
2552 1388 2772 1471 ipsius
2815 1389 2998 1468 regis
3043 1396 3112 1451 et

1235 1489 1520 1552 consilio
1563 1507 2007 1570 personarum
2051 1487 2271 1569 regni,
2315 1507 2488 1572 quas
2534 1488 2623 1552 ad
2667 1487 2818 1551 haec
2862 1487 3112 1551 facien-

1234 1588 1398 1652 dum
1454 1587 1938 1666 advocaverit3
2000 1595 2071 1652 et
2121 1588 2371 1651 ibidem
2417 1587 2624 1651 faciet
2672 1587 2937 1651 electus
2988 1587 3109 1649 bo-

1234 1686 1535 1769 magium
1580 1695 1652 1753 et
1703 1686 2099 1751 fidelitatem
2157 1688 2327 1769 regi,
2378 1688 2560 1752 sicut
2615 1686 2787 1768 ligio
2835 1687 3111 1750 domino

1235 1806 1386 1865 suo,
1419 1787 1505 1851 de
1532 1787 1680 1852 vita
1704 1805 1835 1851 sua
1863 1795 1934 1851 et
1964 1786 2285 1850 membris
2317 1793 2387 1850 et
2418 1787 2505 1850 de
2530 1785 2787 1850 honore
2814 1793 3108 1863 terreno,

1234 1887 1429 1951 salvo
1457 1884 1694 1950 ordine
1722 1905 1875 1963 suo,
1903 1885 2301 1969 priusquam
2331 1893 2782 1951 consecretur.

1334 1985 1409 2049 Si
1438 1987 1800 2069 quisquam
1840 1985 1926 2049 de
1966 1985 2360 2068 proceribus
2395 1987 2594 2068 regni
2625 1985 3106 2049 disfortiaverit

1237 2084 1775 2168 archiepiscopO,
1815 2084 1925 2149 vel
1961 2085 2305 2167 episcopo,
2347 2084 2459 2149 vel
2507 2085 2980 2148 archidiacono
3023 2084 3107 2147 de

1237 2203 1313 2247 se
1355 2182 1587 2248 suisve
1619 2184 1965 2267 justitiam
2007 2182 2351 2261 exhibere,
2393 2184 2713 2248 dominus
2749 2204 2875 2248 rex
2917 2182 3110 2247 debet

1238 2301 1357 2347 eos
1410 2282 1822 2367 justiciare;
1895 2290 1968 2348 et
2024 2284 2086 2346 si
2140 2282 2317 2348 forte
2379 2284 2630 2367 aliquis
2696 2283 3111 2347 disfortiaret

1239 2382 1513 2447 domino
1570 2385 1715 2465 regi
1765 2382 2237 2446 rectitudinem
2299 2402 2518 2460 suam,
2590 2382 3112 2465 archiepiscopi,

1239 2480 1541 2565 episcopi
1603 2490 1675 2546 et
1727 2480 2187 2546 archidiaconi
2236 2481 2486 2547 debent
2532 2502 2679 2546 eum
2716 2482 3113 2566 justiciam,

1240 2589 1319 2645 ut
1351 2580 1497 2662 regi
1522 2580 1926 2645 satisfaciat.

1340 2679 1615 2744 Catalla
1662 2700 1921 2758 eorum,
1973 2680 2094 2762 qui
2151 2688 2314 2744 sunt
2366 2682 2440 2744 in
2494 2679 2833 2744 forisfacto
2888 2680 3105 2761 regis,

1240 2798 1377 2842 non
1448 2778 1754 2845 detineat
1813 2779 2103 2844 ecclesia
2165 2779 2275 2843 vel
2343 2780 2799 2844 coemeterium
2862 2787 3111 2844 contra

1231 2878 1654 2963 justiciarios
1692 2879 1898 2962 regis,
1941 2878 2106 2962 quia
2149 2878 2365 2962 ipsius
2406 2880 2586 2962 regis
2617 2887 2806 2957 sunt,
2848 2879 2998 2943 sive
3039 2879 3113 2942 in

1242 2979 1546 3044 ecclesiis
1574 2981 1720 3045 sive
1753 2987 1953 3043 extra
1976 2979 2227 3043 fuerint
2256 2979 2556 3044 inventa.

1341 3078 1612 3144 Placita
1639 3080 1725 3144 de
1757 3078 2028 3156 debitis,
2062 3097 2219 3162 quae
2254 3078 2385 3143 fide
2422 3079 2838 3162 interposita
2867 3079 3114 3142 deben-

1239 3186 1354 3243 tur
1379 3178 1490 3244 vel
1519 3179 1778 3261 absque
1807 3178 2326 3261 interpositione
2359 3178 2539 3255 fidei,
2574 3179 2715 3243 sint
2745 3179 2819 3242 in
2844 3178 3114 3262 justitia

1244 3295 1447 3359 regis.

1344 3376 1502 3441 Filii
1521 3379 1931 3442 rusticorum
1953 3395 2090 3440 non
2110 3376 2359 3440 debent
2386 3376 2692 3441 ordinari
2721 3378 2987 3459 absque
3008 3395 3109 3439 as-

1238 3495 1444 3540 sensu
1469 3477 1725 3541 domini
1752 3476 1839 3540 de
1866 3476 2063 3560 cujus
2094 3483 2279 3540 terra
2307 3477 2451 3539 nati
2482 3476 3005 3559 dignoscuntur.

1340 3575 1548 3640 Hanc
1573 3576 2103 3659 recognitionem
2131 3576 2277 3639 sive
2294 3575 2834 3641 recordationem
2851 3575 2938 3639 de
2958 3594 3099 3638 con·

1238 3674 1710 3740 suetudinibus
1756 3683 1827 3740 et
1872 3675 2305 3739 libertatibus
2352 3674 2626 3758 iniquiS,
2687 3683 2760 3740 et
2814 3675 3105 3756 dignita·

1224 3773 1420 3837 ‘tibus
1449 3774 1601 3838 Deo
1644 3773 2186 3852 detestabilibus,
2223 3774 2741 3858 archiepiscopi,
2786 3774 3106 3857 episcopi,

1237 3873 1545 3950 abbates,
1587 3874 1874 3955 prioreS‚
1914 3874 2163 3951 cleruS,
2198 3893 2352 3938 cum
2393 3874 2757 3939 comitibus
2794 3881 2865 3937 et
2911 3874 3105 3936 baro·

1236 3973 1435 4036 nibus
1470 3991 1551 4035 ac
1584 3973 1978 4056 proceribus
2014 3973 2302 4051 cunctiS,
2331 3975 2766 4058 juraverunt,
2802 3978 2874 4038 et
2906 3972 3109 4035 firmi-

1235 4079 1340 4136 ter
1393 4072 1463 4134 in
1513 4072 1723 4137 verbo
1761 4072 2073 4138 veritatis
2123 4074 2577 4156 promiserunt
2614 4075 2779 4138 viva
2822 4091 2992 4136 voce
3037 4090 3112 4135 se

1235 4171 1564 4235 tenendas
1619 4179 1691 4236 et
1738 4171 2200 4237 observandas
2249 4173 2523 4237 domino
2574 4174 2720 4254 regi
2773 4181 2843 4237 et
2900 4172 3116 4235 haere-

1234 4269 1431 4334 dibus
1481 4272 1626 4334 suis
1671 4272 1852 4336 bona
1902 4269 2034 4336 fide
2078 4279 2148 4336 et
2192 4274 2450 4356 absque
2493 4273 2673 4337 malo
2713 4273 2990 4355 ingenio
3035 4271 3111 4334 in

1233 4379 1661 4454 perpetuum.
