3457 5887
819 744 1094 794 smnus
1139 745 1668 796 mss-onmium.
2081 733 2166 797 51

309 902 541 967 nabat.
609 902 941 980 Tandem,
959 904 1311 987 aliquanto
1340 910 1639 986 tempore
1661 902 1920 986 elapso,
1944 904 2167 986 priore
2193 917 2430 1007 gig-⁰2⁰⁸-

310 1000 664 1082 Egelwino
698 1002 1038 1080 defuncto,
1066 1002 1424 1067 Wlstanus
1455 1004 1639 1085 prior
1669 1009 1741 1066 et
1777 1010 1974 1085 pater
2002 1023 2163 1068 con·
2190 1017 2394 1057 wan-m.

306 1100 727 1180 gregationis
750 1100 1035 1165 efficitur
1060 1103 1146 1165 ab
1175 1103 1491 1184 episcopo
1518 1101 1823 1185 ejusdem
1865 1102 2000 1166 loci
2033 1102 2162 1167 Al-

309 1197 560 1278 dredo;
613 1201 794 1282 quod
841 1199 1132 1264 officium
1157 1202 1268 1283 pie
1297 1208 1366 1264 et
1392 1200 1823 1263 laudabiliter
1852 1199 2163 1282 implenS,

307 1298 553 1378 prioris
596 1299 1128 1362 conversationis
1171 1298 1638 1363 austeritatem
1679 1319 1815 1363 non
1868 1299 2165 1381 reliquit,

308 1395 453 1471 sed,
472 1404 550 1460 ut
572 1398 837 1461 caeteris
862 1398 1245 1480 exemplum
1273 1397 1619 1478 religionis
1644 1398 1997 1481 praeberet,
2015 1416 2166 1462 eam

311 1495 777 1577 multipliciter
823 1496 1197 1579 ampliavit.
1289 1496 1624 1560 Processu
1681 1516 1952 1579 quoque
1995 1504 2161 1560 tem-

312 1594 521 1675 poris,
568 1594 785 1659 electo
828 1595 916 1659 ad
959 1594 1615 1678 archiepiscopatum
1669 1594 2163 1659 Eboracensem

313 1691 615 1756 Aldredo
648 1693 948 1777 ejusdem
997 1694 1300 1758 ecclesiae
1342 1695 1684 1776 episcopo,
1715 1694 1796 1757 fit
1827 1696 2166 1757 unanimis

312 1809 682 1856 consensus
732 1799 871 1856 tam
920 1793 1081 1856 cleri
1129 1813 1334 1876 quam
1382 1794 1594 1857 totius
1637 1792 1854 1875 plebis
1903 1794 1973 1856 in
2016 1794 2168 1877 ejus

311 1889 666 1967 electione,
696 1911 854 1973 rege
882 1892 1158 1974 insuper
1187 1899 1554 1968 annuente,
1581 1899 1660 1956 ut
1685 1911 1886 1975 quem
1915 1891 2171 1956 vellent

311 1988 445 2051 sibi
494 1990 826 2070 eligerent
863 1990 1222 2072 praesulem
1270 1998 1342 2053 et
1384 1991 1761 2054 animarum
1802 1998 2166 2073 pastorem.

318 2086 634 2168 Contigit
666 2094 890 2151 autem
920 2088 1126 2170 hujus
1159 2087 1507 2152 electionis
1541 2096 1868 2170 tempore,
1901 2090 2170 2170 legatos

317 2185 504 2248 sedis
529 2186 921 2267 apostolicae
950 2187 1260 2250 electioni
1288 2187 1636 2261 interesse,
1665 2187 1965 2268 quicum
1992 2206 2176 2250 sum-

317 2303 593 2366 mopere
636 2285 784 2369 ejus
816 2285 1212 2349 electionem
1255 2284 1652 2348 confirmare
1692 2292 2180 2366 praeoptantoe,

312 2382 713 2455 ¹wlstanum
757 2383 1047 2448 electum
1088 2403 1226 2448 non
1261 2383 1690 2447 mediocriter
1715 2382 2177 2462 offenderunt3

318 2500 475 2545 nam
516 2482 1049 2546 obstinatissime
1073 2483 1389 2546 electioni
1432 2481 1633 2546 sactae
1677 2482 1999 2559 renitens,
2028 2501 2180 2546 cum

306 2579 700 2663 juramento
748 2579 1133 2658 affirmavit,
1181 2601 1256 2645 se
1314 2582 1532 2645 multo
1592 2581 1914 2645 libentius
1955 2580 2179 2645 decol-

320 2679 560 2743 lationi
589 2681 1027 2743 succumbere
1054 2680 1253 2757 velle,
1284 2700 1493 2763 quam
1531 2686 1674 2743 tam
1703 2681 1865 2745 altae
1909 2680 2178 2744 ordina-

320 2778 496 2841 tioni
522 2785 593 2841 et
606 2778 925 2860 dignitati
951 2780 1328 2844 consentire
1351 2800 1370 2857 3
1405 2798 1695 2860 cumque
1716 2797 1901 2861 saepe
1921 2780 2026 2843 vir
2050 2780 2183 2843 Dei

324 2876 691 2940 Wlstanus
725 2895 768 2939 a
792 2877 1102 2960 pluribus
1132 2878 1298 2940 viris
1348 2877 1684 2960 religiosis
1727 2885 1799 2941 et
1828 2880 2182 2941 venerabi—

328 2975 512 3038 libus
545 2978 876 3058 personis,
904 2976 1290 3059 frequenter
1320 2997 1528 3060 super
1560 2977 1664 3040 his
1697 2985 2072 3041 conventus
2098 2978 2184 3041 ad

323 3093 733 3138 consensum
780 3073 1172 3157 persuaderi
1221 3094 1358 3139 non
1408 3077 1768 3157 potuisset,
1820 3075 2092 3139 tandem
2144 3094 2189 3139 a

325 3174 476 3236 viro
497 3173 634 3237 Dei
644 3172 867 3237 Wlsio
883 3174 1170 3249 incluso,
1194 3175 1312 3256 qui
1333 3181 1495 3237 tunc
1511 3173 1876 3257 plusquam
1895 3175 2186 3256 quadra-

322 3272 519 3353 ginta
556 3273 755 3334 annis
783 3272 1162 3336 solitariam
1211 3280 1447 3354 egerat
1487 3273 1724 3349 vitam,
1767 3274 2018 3336 acriter
2056 3293 2180 3356 pro

322 3370 780 3435 inobedientia
820 3371 1212 3453 increpatus
1261 3379 1330 3435 et
1373 3371 1651 3435 oraculo
1697 3371 1931 3435 divino
1985 3373 2179 3435 terri·

322 3469 550 3532 biliter
606 3469 1018 3547 admonituS,
1083 3489 1238 3533 cum
1306 3469 1605 3533 maximo
1666 3469 1891 3533 cordis
1953 3468 2183 3534 dolore

323 3568 711 3649 compulsus
758 3576 863 3632 est
905 3570 1312 3643 consentire,
1357 3575 1564 3649 atque
1616 3569 1689 3631 in
1733 3568 1841 3631 die
1890 3568 2185 3633 decolla-

322 3667 535 3730 tionis
583 3668 768 3730 beati
795 3667 841 3730 J
846 3667 1135 3732 ohannis
1182 3667 1519 3749 Baptistae
1566 3667 1895 3731 electione
1941 3667 2185 3730 confir-

321 3773 536 3843 mata,
568 3767 639 3829 in
669 3766 780 3829 die
809 3766 1191 3831 nativitatis
1234 3767 1455 3829 beatae
1482 3767 1721 3830 matris
1748 3766 1883 3830 Dei
1925 3765 2186 3847 episco-

322 3883 457 3946 pus
489 3872 926 3929 consecratur
951 3865 1477 3947 WigomiensiS,
1510 3865 1655 3929 vita
1702 3865 2072 3948 praeclarus
2116 3871 2188 3929 et

322 3964 609 4041 meritis,
665 3965 751 4028 ab
814 3963 1120 4029 Aldredo
1194 3964 1609 4029 Eboracensi
1679 3962 2188 4046 archiepiscopo

320 4063 756 4142 venerand03
819 4072 968 4128 erat
1011 4071 1242 4128 autem
1301 4083 1382 4128 eo
1432 4071 1734 4146 tempore
1793 4062 2187 4145 Stigandus,

324 4161 841 4227 Cantuariensis
908 4163 1479 4247 archiepiscopus,
1543 4181 1913 4247 suspensus
1973 4181 2015 4226 a
2067 4159 2187 4225 do-

321 4262 512 4328 mino
568 4281 752 4345 papa
804 4270 1083 4345 propter
1124 4263 1375 4326 multas
1425 4280 1597 4343 quas
1652 4262 1907 4325 fecerat
1960 4268 2187 4325 trans·

323 4362 734 4443 gressiones,
794 4363 972 4426 sicut
1027 4362 1192 4425 alibi
1255 4361 1508 4425 dictum
1561 4367 1705 4438 est3
1772 4359 1892 4422 sed
1958 4366 2186 4423 tamen

325 4459 810 4542 professionem
860 4462 1023 4526 fecit
1064 4460 1367 4525 ecclesiae
1398 4456 1878 4524 Cantuariensi
1916 4463 1985 4521 et
2036 4456 2184 4554 ejus

1858 4589 1888 4623 ι
1919 4580 1951 4625 2
