3457 5887
876 821 1153 871 nonas
1197 821 1735 874 ms'ronmnuu.
2107 812 2232 877 161

341 972 517 1039 duce
560 974 1144 1056 Normannorum,
1178 980 1359 1061 regis
1389 977 1691 1044 defuncti
1722 978 1936 1046 fratre
1977 982 2230 1064 primo·
2258 1007 2362 1048 nn.
2386 1011 2494 1050 ιιοο.

337 1074 604 1153 genito,
644 1077 762 1159 qui
798 1078 950 1162 jam
998 1099 1122 1161 per
1166 1078 1703 1162 quinquennium
1755 1080 1829 1142 in
1885 1083 2227 1163 expediti-

338 1191 474 1237 one
510 1174 1146 1261 Hierosolymitana
1177 1197 1439 1242 moram
1480 1185 1943 1261 protraxerat,
1975 1182 2220 1246 timue-

336 1280 501 1336 runt
525 1275 642 1338 diu
668 1275 815 1341 sine
847 1277 1176 1359 regimine
1210 1278 1572 1357 vacillare3
1627 1278 1813 1360 quod
1845 1278 2220 1358 Henricus,

333 1370 628 1437 fratrum
675 1376 955 1441 ultimus
1010 1384 1081 1441 et
1121 1376 1401 1460 juvenis
1445 1377 2013 1460 sapientissimae,
2060 1399 2216 1444 cum

329 1471 582 1537 callide
630 1476 1090 1557 cognovisset,
1141 1483 1568 1559 congregato
1612 1475 1985 1542 Londoniis
2029 1479 2214 1545 clero

330 1567 614 1653 Angliae
673 1583 743 1639 et
795 1575 1052 1660 populo
1117 1576 1461 1652 universo,
1520 1577 1835 1659 promisit
1895 1579 2212 1643 emenda-

329 1669 590 1735 tionem
655 1673 907 1756 legum,
971 1675 1221 1757 quibus
1284 1695 1618 1758 oppressa
1674 1674 1901 1740 fuerat
1954 1675 2214 1760 Anglia

326 1775 640 1854 tempore
688 1775 906 1856 patris
960 1776 1069 1838 sui
1110 1782 1182 1839 et
1217 1774 1451 1839 fratris
1501 1794 1717 1858 nuper
1759 1775 2085 1853 defuncti,
2133 1786 2213 1843 ut

326 1870 593 1936 animos
650 1875 951 1939 omnium
995 1873 1069 1937 in
1117 1875 1227 1938 sui
1269 1874 1766 1957 promotionem
1808 1876 2211 1942 accenderet

324 1975 399 2032 et
428 1988 755 2050 amorem,
788 1974 890 2036 ita
928 1980 1007 2037 ut
1038 1973 1232 2037 illum
1270 1974 1343 2037 in
1389 1993 1621 2055 regem
1663 1973 2090 2057 susciperent
2136 1984 2207 2041 et

324 2075 720 2149 patronum.
824 2070 935 2136 Ad
967 2072 1115 2136 haec
1140 2073 1323 2136 clero
1352 2072 1806 2155 respondente
1827 2080 1898 2136 et
1923 2093 2208 2156 magna-

324 2167 520 2232 tibus
567 2171 854 2248 cunctis,
905 2171 1087 2253 quod
1126 2171 1186 2234 si
1233 2172 1462 2236 animo
1488 2171 1763 2235 volente
1800 2173 1968 2255 ipsis
1999 2173 2210 2238 vellet

325 2267 704 2333 concedere
751 2278 822 2334 et
871 2271 1109 2334 charta
1153 2289 1283 2334 sua
1331 2271 1749 2334 communire
1801 2271 1958 2334 illas
2002 2271 2208 2335 liber-

326 2370 517 2430 tates
569 2375 640 2432 et
674 2370 1199 2434 consuetudines
1241 2371 1589 2453 antiquas,
1625 2388 1782 2453 quae
1831 2369 2212 2436 floruerunt

319 2465 398 2528 in
425 2485 639 2548 regno
674 2475 978 2551 tempore
1009 2469 1231 2534 sancti
1263 2470 1448 2551 reg-is
1484 2468 1831 2545 Edwardi,
1863 2468 1937 2532 in
1980 2470 2207 2552 ipsum

316 2567 786 2633 consentirent
848 2577 920 2634 et
978 2569 1049 2633 in
1093 2588 1325 2651 regem
1376 2569 1791 2632 unanimiter
1846 2587 2208 2632 consecra-

315 2674 490 2730 rent.
595 2666 905 2733 Henrico
951 2676 1182 2733 autem
1232 2667 1364 2732 hoc
1400 2668 1692 2732 libenter
1723 2675 2096 2745 annuente,
2135 2677 2206 2733 et

314 2784 398 2828 se
425 2764 496 2830 id
529 2766 872 2831 facturum
914 2787 1069 2832 cum
1095 2767 1490 2851 juramento
1520 2765 1926 2844 affirmante,
1959 2786 2202 2831 conse-

312 2872 556 2930 cratus
614 2873 720 2930 est
768 2867 841 2930 in
890 2886 1123 2950 regem
1172 2867 1357 2951 apud
1390 2865 2085 2931 Westmonasterium
2130 2867 2203 2930 in

313 2958 463 3028 die¹
485 2964 999 3050 Assumptionis
1030 2969 1251 3031 beatae
1288 2966 1559 3042 Mariae,
1598 2965 1873 3030 favente
1915 2967 2099 3031 clero
2132 2975 2204 3030 et

312 3064 619 3146 popu103
686 3065 806 3148 qui
858 3068 1209 3144 continuo,
1242 3085 1398 3130 cum
1425 3064 1652 3129 fuerat
1679 3065 2066 3129 diademate
2096 3066 2200 3128 in-

308 3163 643 3245 signitus,
675 3165 801 3229 has
832 3160 1216 3231 'libertates
1254 3166 1677 3247 subscriptas
1714 3165 1789 3228 in
1837 3184 2077 3247 regno,
2113 3165 2200 3229 ad

305 3263 810 3329 exaltationem
860 3273 1121 3330 sanctae
1173 3264 1481 3329 ecclesiae
1532 3271 1604 3328 et
1644 3282 1887 3346 pacem
1939 3264 2200 3347 populi,

304 3362 645 3427 tenendas
677 3365 1037 3430 concessit.

340 3537 447 3602 De
478 3535 878 3616 libertatibus,
907 3560 1060 3625 quas
1088 3561 1197 3604 rem
1225 3539 1536 3605 Hom-icus
1561 3540 1633 3604 in
1660 3560 1842 3625 rayno
1869 3538 2153 3605 tenendas

1098 3639 1397 3705 commit.

401 3767 426 3796 ‘
454 3761 827 3842 Henricus,
858 3764 993 3829 Dei
1027 3764 1253 3847 gratia
1279 3783 1405 3828 rex
1432 3761 1735 3844 Angliae,
1781 3761 2069 3844 Hugoni
2106 3762 2192 3827 de
2217 3787 2298 3828 nu
2314 3787 2490 3827 aanor,

302 3861 660 3927 Boclande
711 3863 1096 3929 vicecomiti
1153 3871 1225 3928 et
1281 3862 1601 3927 omnibus
1658 3862 1973 3925 fidelibus
2023 3862 2193 3938 suiS,

300 3968 452 4025 tam
505 3961 792 4027 Francis
840 3982 1049 4046 quam
1094 3960 1369 4045 Anglis,
1411 3962 1483 4025 in
1521 3954 2192 4036 ³Herefordeschire,

296 4061 622 4126 salutem.
697 4062 947 4127 Sciatis
973 4081 1083 4127 me
1100 4062 1237 4127 Dei
1268 4061 1737 4125 misericordia
1761 4067 1832 4124 et
1852 4060 2193 4123 communi

366 4251 384 4283 ¹
401 4254 510 4304 Die
527 4252 888 4319 ‘inruptionis
921 4255 1072 4304 Beate
1103 4254 1219 4303 Ma·
1338 4249 1359 4280 ³
1373 4251 1846 4315 Herdordexhirefl
1867 4251 1992 4300 'rhi-
2006 4250 2190 4300 should

294 4324 436 4387 rim]
466 4324 575 4373 The
598 4325 717 4374 Isth
738 4325 796 4374 of
812 4326 1036 4388 August.
1266 4324 1330 4372 be
1370 4321 1768 4383 naraon-dubim,
1804 4325 1856 4369 to
1897 4320 1982 4370 the
2021 4320 2200 4369 εδει-ἦθ’

366 4391 387 4421 ²
404 4395 723 4459 Libertatem]
773 4397 822 4443 A
861 4409 992 4457 copy
1026 4394 1086 4442 of
1119 4394 1221 4442 this
1268 4393 1326 4442 of
1341 4391 1507 4440 which
1523 4391 1810 4441 wendover
1824 4389 2090 4439 addresses
2107 4389 2192 4437 the

296 4463 500 4513 ehu-ter
520 4479 636 4526 may
658 4466 722 4513 be
746 4466 854 4514 also
875 4464 1030 4513 found
1063 4465 1116 4513 in
1137 4464 1222 4512 the
1270 4462 1488 4521 chester,
1519 4477 1578 4510 as
1609 4461 1695 4510 the
1727 4465 1912 4521 county
1947 4460 1997 4507 in
2027 4457 2194 4506 which

295 4533 494 4582 Textus
527 4534 797 4596 Rofl'ensis,
837 4534 961 4584 edit.
1004 4534 1229 4593 licetne,
1273 4534 1327 4582 S.
1349 4527 1559 4580 Albun’s
1583 4545 1692 4579 was
1712 4529 1951 4578 simated.

298 4617 353 4663 p.
380 4607 464 4650 51.

404 4694 561 4741 ΥΟΕ.
597 4694 673 4741 11.
1846 4689 1896 4734 M
