3457 5887
1157 742 1290 808 356
1661 756 1926 805 nocam
1973 755 2070 804 ns
2113 754 2527 803 wmmovssn

842 936 953 977 Aa).
975 935 1087 977 mo.
1161 915 1357 983 wode
1382 922 1452 980 et
1480 933 1714 979 eorum
1726 913 2124 999 juramento
2151 911 2425 978 faciatis
2455 912 2843 995 recognosci
2869 912 3041 996 quid

1163 1017 1258 1082 ibi
1302 1017 1592 1080 habetur
1634 1014 1718 1078 de
1762 1013 1962 1079 feodo
2009 1012 2638 1096 archiepiscopatus
2679 1012 3047 1077 Cantuari·

1165 1116 1372 1194 ensis,
1414 1121 1487 1179 et
1536 1113 1720 1197 quod
1767 1114 2191 1195 recognitum
2249 1112 2456 1177 fuerit
2509 1131 2664 1177 esse
2708 1112 2794 1177 de
2840 1112 3046 1177 feodo

1166 1216 1316 1302 ejus
1353 1215 1487 1299 ipsi
1531 1213 1801 1280 faciatis
1843 1213 2113 1278 habere.
2184 1211 2480 1277 Valete.’
2570 1211 2710 1277 His
2751 1211 2857 1277 ita
2892 1232 3049 1295 ges·

1164 1318 1281 1394 tis,
1313 1315 1644 1392 Thomas,
1697 1312 2106 1378 venerabilis
2156 1310 2679 1378 cantuariensis
2720 1311 3051 1395 archiepi-

1166 1434 1435 1498 scopuS,
1473 1420 1842 1496 antequam
1886 1412 1972 1476 ad
2004 1410 2332 1494 Angliam
2364 1411 2870 1490 transfretaret,
2905 1411 3048 1476 Ro-

1165 1534 1348 1579 mam
1388 1513 1600 1592 misit,
1642 1513 1920 1577 domino
1963 1531 2162 1595 papae
2200 1511 2642 1590 denuntians,
2675 1512 2857 1594 qnod
2896 1532 3047 1576 cum

1166 1633 1329 1697 rege
1360 1612 1748 1696 Anglorum
1797 1612 2081 1696 pacifice
2118 1612 2575 1677 convenisset.
2687 1611 2881 1695 Papa
2919 1631 3043 1677 au·

1167 1721 1306 1779 tem
1349 1713 1576 1777 Deum
1628 1711 2024 1795 glorificans
2069 1712 2306 1776 literas
2354 1712 2421 1776 ei
2468 1711 2836 1796 rescripsit,
2884 1732 3040 1795 quae

844 1826 1130 1917 tamworth·
1167 1819 1593 1897 sequuntur;
1629 1810 2039 1877 ‘Anxietate
2068 1811 2292 1875 cordis
2312 1819 2383 1876 et
2409 1811 2856 1875 amaritudine
2881 1832 3035 1894 pre-

846 1889 1116 2018 &⁶332
1166 1914 1418 1977 mimur
1456 1932 1613 1976 cum
1651 1912 2037 1994 augustias,
2075 1918 2391 1993 oneraet
2424 1912 2853 1993 gravamina,
2889 1931 3039 1994 quae

846 2028 1009 2069 ναίου-
1169 2013 1317 2077 zelo
1341 2012 1639 2096 justitiae
1669 2018 1742 2076 et
1770 2031 1893 2095 pro
1925 2012 2242 2076 libertate
2270 2011 2579 2075 ecclesiae
2612 2019 3047 2076 manutenen-

1170 2113 1261 2177 da
1303 2131 1504 2194 aequo
1556 2111 1786 2177 animo
1835 2117 1908 2175 et
1956 2110 2215 2175 invicta
2260 2109 2665 2175 fortitudine
2718 2111 3047 2188 tolerasti,

1170 2212 1257 2277 ad
1312 2211 1704 2276 memoriam
1762 2210 2147 2275 reducimus
2194 2217 2268 2275 et
2317 2210 2768 2276 meditatione
2816 2210 3050 2275 sedula

1169 2312 1598 2396 cogitamus;
1644 2318 2114 2389 veruntamen,
2151 2317 2232 2374 ut
2266 2310 2342 2373 in
2374 2318 2445 2375 te
2477 2310 2753 2375 virtutis
2789 2310 3052 2394 persec-

1120 2418 1123 2419 ’
1169 2412 1428 2476 tionem
1469 2410 1903 2495 adimpleres,
1942 2430 2079 2475 non
2123 2410 2410 2493 potuisti
2449 2409 2667 2492 frangi
2703 2410 3044 2486 adversis,

1169 2531 1295 2576 nec
1338 2529 1383 2574 a
1430 2516 1570 2574 tuae
1620 2510 2028 2575 constantiae
2077 2509 2429 2593 proposito
2472 2511 2789 2588 amoveri,
2843 2518 3038 2574 tuam

1166 2629 1374 2693 super
1416 2609 1547 2674 hoc
1588 2609 2061 2673 admirandam
2100 2609 2641 2674 commendamus
2685 2610 3035 2687 virtutem,

1167 2718 1239 2774 et
1271 2709 1395 2773 tibi
1426 2728 1635 2792 super
1660 2717 1860 2775 tanta
1889 2709 2227 2792 patientia
2250 2710 2322 2773 in
2357 2710 2648 2775 Domino
2673 2710 3040 2792 plurimum

1168 2808 1696 2891 congaudemus.
1768 2809 2136 2887 Caeterum,
2165 2810 2489 2893 quoniam
2521 2829 2750 2891 regem
2778 2807 3045 2891 Anglo-

1171 2929 1321 2974 rum
1362 2909 1620 2975 diutius
1668 2909 1744 2974 in
1785 2909 2121 2993 patientia
2159 2916 2232 2975 et
2271 2909 2703 2992 benignitate
2743 2910 3046 2993 portavi-

1171 3028 1350 3087 mus,
1388 3017 1460 3075 et
1496 3009 1769 3076 blandis
1814 3008 2263 3093 dulcibusque
2297 3010 2551 3087 verbis,
2591 3016 2665 3074 et
2707 3009 3044 3075 interdum

1173 3108 1361 3173 duris
1410 3116 1482 3174 et
1531 3109 1820 3193 asperis,
1865 3117 1946 3173 nt
1990 3109 2076 3174 ad
2127 3129 2202 3174 se
2257 3109 2509 3175 rediret
2553 3129 2742 3192 saepe
2790 3110 3046 3174 monui-

1170 3228 1348 3286 mus,
1404 3210 1464 3273 si
1521 3227 1784 3292 pacem,
1841 3227 2050 3290 qnam
2109 3217 2334 3274 tecum
2391 3208 2579 3286 fecit,
2640 3211 3044 3274 executione

1169 3309 1398 3391 operis
1434 3328 1570 3373 non
1613 3308 2019 3391 impleverit,
2059 3315 2131 3373 et
2167 3308 2292 3373 tibi
2329 3328 2413 3373 ac
2455 3308 2594 3374 tuis
2631 3317 2708 3373 et
2742 3309 3042 3374 ecclesiae

1169 3415 1311 3473 tuae
1370 3407 1839 3492 possessiones
1887 3415 1957 3472 et
2003 3407 2297 3473 honores
2349 3408 2619 3473 ablatos
2669 3429 2814 3474 non
2859 3410 3045 3473 resti·

1164 3509 1402 3586 tuerit,
1452 3509 1576 3573 tibi
1629 3507 1900 3592 plenam
1961 3508 2439 3573 auctoritatem
2495 3509 2929 3573 concedimus
2976 3510 3041 3572 in

1168 3626 1497 3690 personas
1552 3614 1623 3672 et
1678 3608 1751 3671 in
1810 3608 1987 3684 loca,
2038 3628 2194 3691 quae
2249 3608 2337 3671 ad
2387 3616 2576 3674 tuam
2635 3608 3038 3691 legationem

1167 3707 1534 3789 pertinent,
1567 3707 2098 3772 ecclesiasticam
2126 3707 2471 3791 justitiam
2514 3727 2859 3786 exercere,
2896 3708 3039 3771 nul·

1167 3805 1299 3869 lius
1327 3806 1685 3871 obstaculo
1720 3807 2200 3891 appellationis
2229 3805 2592 3873 obstante?

1167 3976 1265 4040 De
1291 3977 1558 4044 adventu
1597 3977 1758 4045 beati
1796 3981 2055 4060 Thomas,
2088 3983 2556 4049 Cantwriemis
2585 3981 3043 4069 archiepiscopi,

1736 4081 1808 4145 in
1835 4081 2138 4167 Anybiam
2164 4082 2243 4147 ab
2270 4084 2474 4149 exilio.

850 4226 1008 4267 nectet
1268 4199 1429 4266 Hac
1461 4202 1676 4286 igitur
1705 4205 2076 4270 securitate
2109 4213 2251 4271 tam
2281 4227 2325 4272 a
2356 4226 2540 4290 papa
2570 4226 2780 4290 quam
2816 4226 2860 4271 a
2891 4226 3040 4287 rege

846 4278 1076 4377 ’ἔὲἶῖἷέαῗ
1166 4309 1472 4386 accepta,
1520 4295 1620 4367 ¹in
1673 4303 1997 4385 Angliam
2056 4305 2259 4370 rediit
2308 4313 2378 4371 et
2419 4308 2491 4370 in
2551 4306 2867 4370 kalendis
2911 4306 3042 4370 De-

1237 4490 1251 4519 ¹
1279 4488 1341 4536 Ιιι
1374 4486 1609 4550 Angliam
1640 4485 1857 4550 rediit]
1893 4486 2079 4537 Whilst
2125 4488 2332 4537 warned
2363 4487 2488 4536 from
2521 4486 2605 4535 the
2638 4491 2795 4536 count
2825 4486 2885 4536 οἱ
2917 4487 3041 4534 Bon·

1163 4558 1374 4620 waiting
1414 4558 1493 4607 for
1526 4557 1610 4607 the
1645 4556 1826 4619 vessel,
1865 4557 1929 4607 he
1967 4571 2076 4607 was
2126 4558 2292 4620 logne,
2324 4559 2392 4619 by
2425 4557 2573 4620 Milo,
2604 4561 2655 4606 to
2687 4557 2809 4606 look
2842 4562 2894 4606 to
2925 4557 3038 4606 him·
