3457 5887
949 816 1222 865 nonus
1267 817 1799 869 ms'romARma.
2197 805 2325 870 189

445 975 743 1040 caelestis
798 996 1029 1041 amore
1092 993 1418 1058 sponsum
1478 977 1891 1059 contempsit
1934 984 2275 1044 terrenum
2301 1000 2320 1059 3
2344 1000 2454 1041 ω.
2475 1000 2584 1039 ιιιι.

447 1096 611 1140 nam
660 1095 815 1140 cum
859 1077 1043 1157 regis
1074 1075 1429 1159 cujusdam
1464 1074 1643 1139 filius
1686 1077 1776 1140 ad
1820 1078 2107 1158 virginis
2148 1099 2321 1162 nup-

445 1177 584 1240 tias
646 1177 946 1240 animum
1009 1173 1473 1259 applicuisset,
1528 1176 1845 1257 precibus
1916 1177 2191 1241 tandem
2252 1187 2322 1243 et

446 1275 801 1340 blanditiis
842 1275 1138 1338 inaniter
1178 1274 1624 1356 consumptiS‚
1668 1275 2003 1339 violenter
2038 1285 2321 1342 conten-

445 1375 554 1438 dit
597 1395 738 1439 rem
793 1393 998 1456 agere
1040 1393 1195 1437 cum
1238 1372 1492 1456 puella,
1545 1393 1683 1456 quo
1725 1383 2097 1459 comperto,
2153 1377 2320 1442 Fre-

445 1473 816 1538 theswitha
857 1474 929 1537 in
972 1473 1216 1538 silvam
1248 1471 1595 1555 quandam
1635 1473 1931 1539 latenter
1969 1475 2318 1558 confugit3

447 1594 578 1638 nec
644 1581 871 1638 tamen
936 1572 1300 1636 latibulum
1358 1572 1572 1636 latere
1636 1574 1864 1655 potuit
1920 1583 2319 1653 amatorem,

445 1674 617 1756 quia
681 1672 942 1737 desidia
992 1691 1129 1736 non
1179 1670 1395 1735 defuit
1447 1672 1612 1753 quin
1662 1681 2002 1756 quaereret
2051 1673 2321 1756 fugien-

444 1781 613 1837 tem.
717 1772 938 1854 Virgo
981 1771 1217 1853 igitur,
1253 1772 1502 1835 iterato
1537 1770 1816 1854 juvenis
1861 1772 2087 1838 furore
2134 1794 2319 1839 com·

444 1879 673 1955 perto,
742 1891 867 1955 per
939 1871 1244 1935 occultos
1318 1870 1650 1948 tramites,
1712 1871 1865 1936 Deo
1927 1874 2320 1952 comitante,

449 1972 802 2037 Oxoniam
862 1970 948 2033 de
1007 1977 1209 2034 nocte
1268 1969 1536 2051 fugiens
1594 1972 1945 2052 pervenit3
2029 1993 2319 2057 cumque

444 2091 654 2136 mane
683 2071 849 2135 illuc
877 2069 1184 2133 curiosus
1212 2076 1478 2133 amator
1519 2067 1934 2149 advolasset,
1974 2073 2202 2155 puella
2236 2072 2321 2137 de

452 2171 625 2253 fuga
642 2171 791 2255 jam
826 2169 1216 2251 desperanS,
1242 2168 1577 2251 simulque
1607 2167 1693 2232 de
1720 2169 2125 2236 lassitudine
2157 2192 2319 2236 nus-

459 2289 668 2353 quam
711 2268 1030 2352 progredi
1061 2267 1320 2346 valens,
1352 2267 1485 2331 Dei
1516 2268 1804 2332 tutelam
1833 2269 1964 2332 sibi
1992 2278 2063 2334 et
2091 2290 2320 2353 perse-

455 2370 678 2434 cutori
710 2387 986 2451 poenam
1013 2368 1226 2432 anxia
1247 2367 1699 2449 imprecatur;
1736 2368 2021 2452 jamque
2047 2369 2322 2453 juvenis

452 2470 569 2534 ille
622 2489 779 2533 cum
839 2468 1199 2532 comitibus
1257 2474 1494 2549 portas
1553 2468 1742 2531 urbis
1801 2469 2099 2546 subibat,
2145 2488 2323 2545 cum,

452 2569 709 2634 caelesti
738 2567 950 2651 plaga
990 2568 1317 2644 irruente,
1360 2567 1766 2632 coecitatem
1791 2568 2101 2632 incurrit.
2205 2568 2322 2633 In-

454 2668 730 2733 tellecto
794 2668 1008 2750 igitur
1062 2667 1456 2750 pertinaciae
1516 2685 1660 2730 suae
1722 2666 1995 2744 delicto,
2042 2666 2323 2751 juvenis

450 2768 604 2833 luce
632 2769 970 2852 privatus,
1000 2773 1071 2830 et
1107 2765 1606 2831 Fretheswitha
1637 2774 1717 2830 ut
1744 2768 2177 2831 misereretur
2201 2788 2323 2851 per

452 2869 731 2932 nuntios
759 2867 1149 2945 exhortata,
1166 2865 1402 2930 eadem
1430 2864 1763 2931 facilitate
1786 2866 2015 2931 lumen
2043 2869 2320 2952 recepit,

456 2988 621 3051 qua,
686 2969 1102 3051 imprecante
1161 2966 1414 3049 puella,
1477 2966 1857 3031 incurrerat
1913 2968 2320 3033 coecitatem.

457 3067 651 3133 Hinc
693 3068 963 3150 regibus
1009 3065 1282 3148 Angliae
1330 3065 1536 3130 timor
1584 3066 1870 3131 inolevit
1902 3066 2088 3131 illius
2137 3070 2323 3133 urbis

453 3169 840 3250 ingressum
906 3174 977 3231 et
1057 3165 1425 3248 hospitium
1486 3184 1753 3244 cavere,
1817 3166 2000 3251 quod
2068 3166 2324 3231 feratur

449 3266 780 3350 pestifera
812 3285 961 3330 esse
1002 3265 1163 3343 illis,
1208 3285 1362 3330 cum
1400 3284 1538 3329 non
1568 3265 1785 3329 velint
1827 3267 1924 3330 rei
1968 3267 2322 3334 veritatem

446 3386 583 3431 suo
658 3366 908 3430 damno
979 3364 1354 3448 pericnlum
1424 3365 1742 3447 experiri.
1876 3365 2075 3429 Tunc
2127 3368 2320 3448 virgo

443 3468 681 3543 beata,
726 3471 1120 3530 constructo
1163 3464 1411 3528 ibidem
1459 3465 1898 3543 monasterio,
1944 3465 2320 3547 virginibus

446 3566 913 3648 congregatis,
973 3583 1193 3647 usque
1254 3564 1340 3629 ad
1406 3565 1670 3628 exitum
1733 3565 1893 3628 vitae
1960 3584 2106 3629 suae
2167 3566 2319 3630 Deo

444 3665 733 3748 placens
794 3664 929 3728 illis
995 3662 1273 3747 praefuit
1325 3664 1597 3728 nomine
1651 3664 2040 3729 abbatissae.
2161 3664 2318 3729 Hoc

445 3772 682 3829 autem
748 3764 1237 3829 monasterium
1325 3770 1629 3845 tempore
1689 3763 2075 3846 Anglorum
2141 3765 2321 3847 regis

446 3864 830 3940 Ethelredi,
864 3864 1087 3927 Danis
1131 3863 1282 3927 neci
1321 3862 1733 3947 adjudicatis
1775 3871 1845 3928 et
1887 3882 2100 3927 causa
2141 3864 2326 3927 salu-

445 3965 534 4028 tis
596 3965 669 4028 in
717 3963 886 4028 illud
935 3962 1511 4044 confugientibus,
1554 3962 2086 4028 discurrentibus
2135 3963 2326 4026 flam-

444 4064 611 4141 miS,
662 4082 816 4127 cum
875 4064 974 4127 eis
1031 4070 1510 4145 consumptum
1569 4070 1699 4139 est,
1755 4062 1873 4127 sed
1923 4081 2064 4127 non
2107 4063 2325 4126 multo

444 4171 617 4246 post
647 4164 735 4227 ab
773 4162 1011 4227 eodem
1055 4182 1215 4244 rege
1260 4168 1726 4226 constructum
1769 4170 1839 4225 et
1880 4162 2327 4244 competenti-

443 4264 580 4327 bus
617 4269 722 4326 est
754 4262 1030 4345 praediis
1061 4261 1483 4344 ampliatum.
1587 4261 1778 4326 Obiit
1807 4261 1937 4325 hoc
1965 4280 2146 4325 anno
2180 4260 2327 4324 Ro-

446 4364 712 4439 bertns,
753 4381 980 4426 comes
1017 4360 1482 4438 Flandrensis,
1516 4361 1632 4442 qui
1664 4361 1893 4424 itineri
1929 4360 2332 4442 Hierosoly-

447 4463 715 4527 mitano
773 4461 1296 4544 praeclarissimo
1357 4459 1693 4537 interfuit,
1755 4460 1935 4524 unde
2007 4459 2333 4524 memoria

454 4561 610 4645 ejus
651 4580 787 4624 non
822 4561 1113 4625 transiet
1143 4561 1215 4623 in
1247 4566 1574 4623 aeternum
1608 4581 1626 4637 3
1681 4559 1905 4623 factus
1953 4565 2061 4622 est
2102 4564 2332 4621 autem
