3457 5887
842 1049 951 1089 ΛΔ).
974 1050 1082 1089 1085.

840 1640 932 1679 Tine
947 1652 1016 1679 aee
1033 1641 1081 1678 or

840 1689 1089 1730 Dorcheeter

843 1741 1096 1778 transferred

843 1790 1084 1829 toLlncoln.

845 3712 952 3751 AJ).
977 3715 1085 3752 1086.

1158 855 1244 918 24
1644 873 1908 919 nocam
1956 873 2048 920 na
2095 873 2500 921 wmmovaa

1150 1028 1483 1111 jugabat3
1533 1028 1722 1110 pacis
1757 1035 1985 1091 autem
2029 1037 2262 1093 tantus
2297 1036 2561 1091 amator
2601 1036 2773 1104 erat,
2809 1019 3020 1109 ¹quod

1160 1126 1391 1208 puella
1441 1125 1673 1207 [auro]
1717 1135 1967 1190 onusta
2009 1128 2284 1210 impune
2321 1134 2553 1209 posset
2586 1134 2801 1191 totam
2837 1129 3018 1208 [per-

1162 1223 1482 1310 transire]
1519 1223 1868 1306 Angliam.

1334 1394 1741 1481 spiscopatus
1768 1396 2276 1460 Dorkecestreneis
2305 1389 2427 1459 'ad
2451 1393 2841 1459 Linoobniam

1892 1496 2285 1578 transfertur.

1263 1616 1418 1681 Rex
1439 1616 1854 1693 Willelmu8‚
1883 1618 2090 1699 paulo
2122 1625 2304 1694 ante,
2334 1617 2650 1699 Remigio
2680 1616 3019 1681 Fiscamni

1161 1716 1492 1782 monacho
1534 1716 1815 1779 dederat
1842 1715 2343 1781 Dorkecestriae
2378 1717 2813 1798 praesulatum
2842 1735 2859 1794 ;
2906 1714 3020 1777 sed

1161 1815 1480 1896 episcopo
1521 1814 1720 1878 valde
1764 1814 2112 1896 displicuit
2155 1816 2333 1897 quod
2379 1816 2541 1877 urbs
2591 1816 2712 1877 illa
2757 1814 3020 1878 modica

1162 1921 1332 1990 erat,
1363 1933 1517 1976 cum
1549 1913 1620 1975 in
1654 1913 1889 1977 eodem
1933 1913 2327 1995 episcopatu
2361 1914 2603 1978 civitas
2645 1913 3016 1976 Lincolniae

1162 2011 1307 2075 sedi
1351 2012 1721 2093 episcopali
1757 2012 2024 2093 dignior
2060 2013 2424 2075 videretur.
2528 2012 2855 2075 Mercatis
2891 2011 3019 2092 igi-

1163 2118 1278 2173 tur
1338 2110 1408 2172 in
1470 2112 1620 2191 ipso
1678 2112 1931 2174 montis
1989 2111 2243 2174 vertice
2312 2110 2609 2193 praediis,
2668 2110 3020 2174 ecclesiam

1164 2207 1409 2271 ibidem
1471 2209 1901 2287 construxit3
1963 2217 2032 2272 et
2088 2209 2248 2272 licet
2292 2210 2740 2273 Eboracensis
2801 2208 3020 2271 archi-

1164 2308 1519 2389 episcopus
1567 2307 1791 2371 locum
1836 2316 1905 2371 et
1943 2308 2288 2371 civitatem
2335 2309 2423 2372 ad
2463 2328 2656 2371 suam
2702 2307 3020 2371 diocesim

1164 2414 1495 2469 assereret
1555 2407 1913 2487 pertinere,
1979 2408 2387 2470 assertiones
2455 2408 2604 2490 ejus
2669 2405 3022 2486 Remigius

1161 2505 1656 2586 parvipendens
1701 2524 1872 2586 opus
1917 2506 2307 2568 inchoatum
2351 2526 2487 2569 non
2526 2506 2827 2586 segniter
2871 2522 3022 2586 per-

1162 2604 1327 2684 egit,
1397 2610 1845 2685 paratumque
1903 2602 2165 2665 clericis
2231 2603 2539 2668 doctrina
2598 2612 2667 2667 et
2724 2604 3020 2666 moribus

1161 2701 1656 2781 probatissimis
1724 2700 2093 2764 decoravit.
2198 2702 2368 2765 Erat
2426 2703 2694 2784 quidem
2758 2710 3024 2766 statura

1163 2817 1416 2879 parvus
1475 2798 1592 2861 sed
1654 2799 1853 2862 corde
1931 2818 2242 2881 magnae,
2302 2801 2526 2865 colore
2602 2802 2834 2864 fuscus
2907 2799 3022 2862 sed

1163 2898 1477 2979 operibus
1511 2897 1805 2978 nitidus;
1853 2898 1936 2962 de
1963 2901 2151 2981 regia
2183 2919 2452 2983 quoque
2483 2901 2863 2983 proditione
2898 2898 3025 2962 fuit

1163 2997 1527 3080 aliquando
1581 3007 1963 3073 accusatuS,
2030 3000 2147 3062 sed
2199 2999 2473 3080 quidam
2524 3000 2818 3063 famulus
2876 3000 3022 3082 ejus

1160 3091 1394 3176 igniti³
1401 3097 1663 3179 judicio
1693 3097 1849 3159 ferri
1878 3097 2221 3160 dominum
2249 3118 2576 3180 purgans,
2600 3100 2789 3179 regio
2817 3097 3028 3160 amori

1162 3196 1483 3271 restituit,
1512 3193 1581 3258 et
1612 3196 1947 3258 maculam
1981 3197 2288 3260 dedecori
2321 3197 2695 3279 pontificali
2725 3197 3024 3260 detersit.

1167 3292 1324 3356 Hoc
1368 3300 1669 3368 auctore,
1700 3293 1829 3355 hoc
1872 3302 2198 3375 tempore,
2230 3295 2336 3358 his
2365 3296 2448 3359 de
2491 3297 2717 3361 causis
2760 3297 3026 3377 incepta

1164 3398 1268 3453 est
1302 3391 1590 3454 ecclesia
1617 3391 1938 3454 moderna
1969 3392 2476 3457 LincolniensiS.

1450 3561 1582 3623 Rex
1624 3562 1962 3630 Willelmus
1989 3566 2109 3630 duo
2142 3566 2403 3631 coenobia
2418 3568 2744 3651 fundavit.

1259 3683 1462 3748 Anno
1494 3686 1771 3750 Domini
1807 3706 2178 3754 MLxxxvl.
2213 3692 2420 3754 nimia
2452 3711 2781 3774 aquarum
2830 3693 3025 3755 inun-

1229 3881 1244 3912 ¹
1282 3885 1420 3938 Quod
1467 3888 1627 3948 puella
1675 3903 1793 3936 auro
1844 3889 2067 3950 onmem]
2121 3889 2203 3937 the
2226 3888 2514 3948 Domesday
2529 3902 2730 3948 surrey,
2750 3885 3025 3948 completed

1156 3952 1262 4001 The
1294 3968 1429 4002 same
1458 3956 1504 4003 is
1534 3957 1640 4004 also
1673 3958 1785 4005 said
1819 3958 1983 4006 before
2019 3955 2076 4006 of
2120 3959 2170 4006 in
2195 3962 2337 4019 1087,
2360 3958 2565 4005 Lincoln
2586 3958 2630 4005 is
2662 3956 2854 4017 spoken
2885 3956 2942 4004 os
2966 3970 3023 4004 aa

1157 4021 1242 4069 the
1283 4024 1427 4073 times
1469 4024 1528 4072 os
1563 4025 1814 4087 Eadwini,
1850 4027 1972 4089 king
2017 4027 2074 4074 of
2119 4041 2150 4074 a
2171 4029 2291 4088 city,
2323 4028 2408 4074 ‘in
2430 4041 2532 4087 qua
2562 4041 2692 4074 nunc
2726 4031 2804 4073 est
2833 4026 3023 4086 episco-

1160 4091 1544 4152 Northumbria;
1587 4096 1603 4121 ‘
1622 4110 1796 4155 pacem
1829 4097 1977 4144 talem
2015 4097 2066 4143 in
2118 4097 2303 4156 patus!
2372 4097 2605 4144 Bromton
2627 4095 2719 4143 has
2741 4095 2920 4154 placed
2940 4094 3021 4142 the

1160 4161 1420 4210 Britannia
1436 4165 1739 4223 temporibus
1753 4166 1858 4213 suis
1876 4165 2068 4226 statuit,
2118 4166 2405 4214 translation
2428 4166 2478 4212 in
2498 4168 2640 4224 1088,
2661 4164 2761 4212 and
2777 4164 2860 4211 the
2871 4164 3025 4211 Scoti-

1158 4234 1218 4277 ut
1254 4231 1430 4279 mulier
1462 4238 1641 4280 onusta
1673 4248 1796 4281 auro
1829 4249 1942 4282 cnm
1975 4248 2066 4294 pu·
2117 4234 2379 4283 chronicon
2424 4235 2475 4281 in
2511 4237 2653 4293 1092,
2683 4233 2766 4280 the
2815 4247 2936 4293 year
2974 4231 3032 4280 os

1159 4312 1244 4346 ero
1285 4302 1510 4360 parvulo,
1555 4303 1857 4363 ubicumque
1901 4303 2068 4363 vellet,
2116 4304 2199 4351 the
2220 4304 2367 4352 death
2391 4304 2448 4352 os
2464 4303 2740 4363 Remigius.

1159 4367 1231 4415 ire
1248 4374 1414 4428 posset
1427 4370 1669 4418 indemnis
1680 4367 1709 4429 ;'
1725 4373 1868 4420 vol.i.
1883 4388 1934 4433 p.
1955 4375 2064 4422 128.
2185 4370 2205 4400 ³
2226 4373 2385 4434 Igniti
2414 4372 2601 4432 judicio
2629 4370 2806 4433 ser-ri]
2879 4369 3022 4418 From

1224 4433 1341 4484 ’Aa
1383 4439 1678 4486 Liacolniam
1719 4441 2066 4503 newercam]
2119 4440 2291 4502 Henry
2314 4441 2658 4502 Huntingdon.
2731 4442 2911 4488 Foran
2944 4454 3027 4487 ac·

1157 4503 1206 4551 1t
1240 4506 1285 4553 is
1322 4509 1578 4556 uncertain
1612 4512 1665 4556 at
1699 4508 1838 4557 what
1873 4511 2066 4570 precise
2115 4517 2265 4559 count
2293 4512 2350 4560 os
2374 4511 2474 4558 this
2494 4511 2615 4558 kind
2638 4510 2696 4558 of
2722 4509 2910 4566 ordeal,
2939 4523 3020 4557 see

1155 4575 1326 4632 period
1371 4577 1454 4625 the
1496 4578 1707 4625 removal
1753 4578 1810 4626 of
1855 4578 1937 4627 the
1981 4593 2065 4627 see
2115 4579 2366 4642 Spelman,
2398 4581 2568 4631 Glosa.
2616 4580 2683 4629 ad
2730 4594 2829 4628 voc.
2863 4579 3030 4628 Orda-

1155 4642 1277 4692 srom
1302 4645 1601 4695 Dorcheeter
1632 4647 1749 4696 took
1772 4648 1930 4708 place.
2003 4648 2064 4696 In
2111 4647 2229 4700 lius.
