3457 5887
814 919 926 962 Am.
946 919 1059 961 un.

807 3111 1018 3201 Quen}

807 3212 917 3250 aner
931 3211 1005 3250 th·

806 3261 933 3300 death
949 3261 998 3301 d

806 3310 977 3352 Beeket.

1134 724 1268 791 m
1638 739 1906 790 aecum
1953 741 2048 791 nn
2094 740 2503 793 wsnnovnn

1135 904 1444 971 herniam
1486 904 1796 983 intravit,
1856 904 1974 969 ubi
2024 899 2521 988 archiepiscopi
2580 913 2649 971 et
2696 907 3010 991 episcopi

1134 1003 1362 1088 ipsum
1405 1005 1478 1069 in
1530 1023 1762 1087 regem
1815 1011 1887 1069 et
1943 1002 2293 1068 dominum
2358 1013 2756 1088 receperunt
2810 1014 2882 1072 et
2940 1009 3013 1072 ei

1137 1105 1536 1169 fidelitatem
1583 1104 2017 1189 juraverunt.
2123 1097 2472 1187 ¹Regulus
2525 1105 2610 1170 de
2659 1106 3015 1184 Limeleie,

1135 1203 1416 1287 regulus
1478 1203 1566 1268 de
1629 1202 1880 1282 Chore,
1942 1211 2014 1269 et
2059 1204 2364 1286 regulus,
2424 1205 2544 1288 qui
2601 1203 3016 1270 Monoculus

1135 1302 1512 1382 dicebatur,
1557 1304 1621 1367 ei
1666 1302 2062 1385 homagium
2104 1301 2568 1387 juraverunt3
2631 1304 3019 1369 Rodericus

1132 1409 1364 1468 autem
1405 1403 1685 1486 regulus
1724 1402 1811 1466 de
1854 1401 2174 1478 Comnat‚
2221 1403 2388 1487 quia
2425 1404 2622 1485 regio
2670 1423 2881 1488 quam
2914 1405 3020 1470 in-

1131 1501 1493 1567 habitabat
1526 1502 2020 1567 inaccessibilis
2051 1508 2181 1580 est,
2224 1501 2595 1586 paludibus
2640 1501 2872 1568 nimiis
2911 1505 3017 1569 in-

1133 1599 1646 1686 terjacentibus,
1691 1602 1764 1666 in
1804 1602 2054 1687 quibus
2098 1620 2225 1666 nec
2251 1602 2437 1667 vada
2477 1604 2860 1682 commoda,
2889 1624 3015 1670 nec

1131 1708 1377 1785 pontes
1430 1702 1673 1785 pervii,
1726 1720 1857 1766 nec
1906 1701 2263 1785 navigatio
2306 1708 2465 1766 tuta
2515 1701 2824 1781 habetur,
2859 1706 3007 1787 regi

1131 1819 1486 1867 occurrere
1513 1801 1923 1885 supersedit.
1984 1801 2244 1866 Eodem
2271 1818 2459 1866 anno
2481 1802 2556 1866 in
2587 1799 2763 1868 festo
2787 1805 3007 1870 sancti

1134 1899 1435 1979 Nicolai,
1477 1902 1664 1985 apud
1695 1896 2212 1980 Albemarliam,
2243 1899 2595 1985 Rogatus,
2629 1901 3005 1969 Eboracen-

1131 2000 1228 2065 sis
1251 1999 1829 2085 archiepiscopus,
1861 2002 2173 2085 praestito
2193 1999 2619 2085 juramento,
2640 2003 2824 2086 quod
2851 2010 3003 2068 ante

1130 2100 1642 2167 coronationem
1704 2102 1868 2165 novi
1912 2101 2095 2183 regis
2143 2099 2382 2165 literas
2440 2101 2924 2184 prohibitionis
2966 2122 3009 2167 a

1129 2199 1409 2266 domino
1434 2219 1618 2286 papa
1647 2218 2081 2285 nequaquam
2123 2208 2548 2284 susceperat,
2595 2208 2665 2266 et
2709 2202 2896 2286 qnod
2938 2222 3007 2267 se

1131 2298 1279 2382 regi
1335 2300 1421 2365 de
1471 2299 2080 2370 consuetudinibus
2130 2301 2325 2383 regni
2375 2301 2823 2365 observandis
2875 2321 3008 2367 non

1129 2399 1581 2481 obligaverat,
1639 2399 1960 2484 quodque
2020 2406 2311 2466 mortem
2366 2400 2644 2465 Thomae
2714 2400 3005 2483 gloriosi

1128 2499 1451 2582 martyris
1501 2520 1629 2565 nec
1678 2500 1913 2577 verbo,
1960 2519 2088 2565 nec
2135 2498 2412 2583 scripto,
2463 2519 2585 2564 nec
2632 2500 2821 2565 facto
2860 2501 3004 2565 sci·

1126 2604 1320 2661 enter
1347 2606 1863 2681 procuraverat,
1892 2598 1981 2663 ad
2014 2597 2215 2665 officii
2243 2600 2354 2664 sui
2379 2606 2482 2664 est
2505 2599 2991 2683 plenitudinem

1125 2697 1507 2764 restitutus.

1157 2870 1256 2937 Do
1284 2870 1773 2940 reconciliatione
1806 2869 2708 3037 Ummoocksiaepod
2734 2881 2983 2939 moruus

1819 2972 2024 3038 macti
2292 3019 2313 3037 .

1227 3087 1426 3161 Post'
1447 3103 1736 3161 mortem
1765 3096 1951 3160 beati
1980 3094 2266 3161 Thomae
2296 3095 2619 3179 martyris
2652 3095 2801 3160 fere
2827 3114 3001 3160 anno

1126 3193 1395 3279 integro
1439 3195 1728 3260 ecclesia
1779 3193 2299 3261 Cantuariensis
2346 3214 2392 3259 a
2432 3195 2691 3260 divinis
2733 3214 3001 3261 cesoens

1125 3295 1495 3379 obsequiis,
1544 3295 1887 3360 continuis
1941 3295 2247 3378 perstitit
2305 3295 2379 3359 in
2434 3295 2782 3371 lamentis,
2845 3296 2999 3359 sub·

1127 3411 1402 3459 versum
1429 3402 1536 3460 est
1563 3394 1870 3460 ecclesiae
1910 3396 2403 3478 pavimentum,
2435 3414 2652 3459 sonus
2685 3402 2798 3460 est
2826 3413 2999 3459 cam-

1121 3512 1458 3576 panarum
1501 3513 1898 3578 suspensuS,
1954 3492 2193 3559 nudati
2239 3501 2403 3559 sunt
2446 3495 2752 3577 parietes
2809 3513 2999 3560 orna»

1123 3595 1394 3672 mentis,
1428 3601 1500 3660 et
1545 3594 1647 3659 sic
1690 3594 1893 3677 qnasi
1938 3594 2011 3658 in
2048 3594 2280 3658 cinere
2319 3601 2392 3658 et
2420 3594 2648 3659 cilicio
2676 3595 2993 3677 exequias

1119 3689 1192 3753 in
1235 3693 1519 3758 tristitia
1561 3700 1633 3758 et
1674 3711 1968 3758 moerore
2015 3693 2391 3776 persolvit3
2441 3693 2563 3757 sed
2591 3694 2863 3758 tandem
2903 3693 2993 3757 ad

1119 3792 1360 3855 matris
1407 3811 1554 3856 suaa
1609 3793 2158 3858 Dorobornensis
2204 3793 2510 3858 ecclesiae
2543 3795 2997 3872 vocationem,

1117 3888 1187 3951 in
1214 3889 1390 3956 festo
1417 3892 1640 3956 sancti
1678 3891 1966 3956 Thomae
2009 3892 2331 3975 apostoli,
2374 3893 2795 3976 suffraganei
2837 3913 2999 3957 con·-

1117 3999 1450 4055 venerunt
1501 3990 1831 4075 episcopi,
1883 3998 1963 4056 ut
2017 3991 2398 4069 ecclesiam,
2454 3992 2667 4075 longa
2714 4010 2999 4076 suspen-

1114 4089 1308 4153 sione
1339 4097 1872 4169 consternatam,
1895 4091 2108 4176 juxta
2134 4091 2531 4156 mandatum
2575 4093 2832 4157 domini
2873 4112 2998 4174 pa-

1114 4208 1224 4272 pae
1277 4189 1350 4253 in
1396 4196 1657 4256 statum
1714 4191 2081 4274 pristinum
2124 4190 2594 4257 reformarent.
2701 4190 2998 4256 Bartho-

1113 4289 1398 4355 lomaeus
1434 4290 1668 4373 igitur,
1698 4289 2112 4355 Exoniensis
2154 4291 2542 4374 episcopuS,
2590 4290 2683 4355 ad
2722 4290 3000 4375 petitio-

1183 4463 1466 4534 ¹Raeguhs.]
1482 4466 1680 4531 Diceto,
1694 4468 1922 4529 col.558;
1937 4482 2024 4518 see
2142 4464 2166 4499 ¹
2180 4469 2306 4518 Post
2324 4467 2564 4532 aarum]
2598 4468 2802 4533 Diceoe,
2814 4484 2869 4532 p.
2882 4473 2999 4519 6⁵8.

1113 4536 1309 4588 Annals
1329 4539 1389 4588 of
1401 4538 1635 4601 Ireland3
1665 4539 1836 4602 Ware,
1857 4553 1909 4601 p.
1924 4544 1973 4588 7.
