3457 5887
951 857 1223 907 nonas
1268 856 1802 906 ms'ronununa.
2188 838 2314 904 271

438 1027 514 1082 ut
551 1017 641 1080 ab
684 1035 767 1081 eo
811 1016 1042 1080 locum
1081 1016 1462 1100 susciperet
1497 1022 1567 1081 et
1606 1015 1701 1079 ibi
1735 1022 2163 1079 construeret
2195 1016 2315 1080 ab·
2344 1034 2452 1076 Am.
2473 1035 2584 1074 usa.

436 1115 717 1181 batiam.
822 1115 923 1180 At
967 1114 1364 1201 Gilebertus
1416 1115 1504 1179 ad
1549 1134 1780 1196 regem
1820 1116 2103 1179 veniens
2151 1134 2317 1180 con·
2342 1084 2638 1227 ffmffi‘ssx‘

433 1225 720 1300 questus
782 1222 890 1280 est
935 1215 1165 1293 nimis,
1217 1215 1401 1299 quod
1455 1215 1701 1298 patriae
1762 1214 1949 1279 illius
2007 1215 2318 1296 linguam
2374 1214 2384 1226 ’

439 1336 579 1382 non
604 1317 837 1396 novit3
889 1320 911 1351 ‘
935 1315 1046 1392 O,’
1079 1316 1301 1398 inquit
1329 1335 1478 1392 rex,
1506 1321 1526 1349 ‘
1545 1317 1800 1380 bonum
1827 1315 1951 1379 tibi
1983 1313 2316 1398 interpre-

439 1424 602 1493 tem,
636 1415 791 1480 Deo
822 1415 1224 1492 auxiliante,
1250 1414 1596 1479 inveniam
1626 1414 1670 1494 ς’
1714 1422 1803 1492 et,
1825 1420 2073 1479 vocato
2102 1415 2319 1480 milite

442 1514 716 1591 Hoeno‚
747 1515 960 1599 jussit
993 1534 1143 1593 rex,
1173 1521 1253 1579 ut
1293 1534 1448 1580 cum
1486 1512 1841 1579 Gileberto
1882 1515 2018 1579 iret
2054 1522 2125 1579 et
2164 1533 2319 1580 cum

441 1615 592 1698 ipso
641 1615 714 1680 in
774 1613 1113 1680 Hibernia
1173 1622 1599 1695 remaneret3
1665 1614 1850 1698 quod
1905 1614 2100 1678 miles
2159 1634 2320 1697 gra-

446 1722 675 1779 tanter
700 1733 1009 1780 annuens
1053 1734 1209 1780 cum
1252 1714 1439 1779 dicto
1467 1712 1824 1779 Gileberto
1867 1714 2218 1793 remansit,
2249 1722 2321 1780 et

443 1814 612 1878 satis
655 1813 720 1879 ei
766 1815 1013 1879 devote
1055 1813 1451 1878 ministrans
1494 1814 1967 1879 monachalem
2013 1814 2321 1880 habitum

443 1914 789 1997 suscipere
820 1914 1068 1992 noluit,
1097 1914 1262 1997 quia
1291 1933 1531 1979 servus
1573 1932 1725 1978 esse
1769 1933 1975 1996 quam
2007 1914 2321 1979 dominus

446 2013 823 2096 praeelegit.
954 2013 1423 2078 Transeuntes
1490 2021 1719 2078 autem
1789 2014 1863 2079 in
1913 2013 2322 2079 Hiberniam

446 2113 798 2177 abbatiam
845 2120 1403 2191 construxerunt,
1460 2113 1579 2177 ubi
1637 2113 1834 2176 miles
1879 2112 2171 2178 Hoenus
2214 2116 2321 2179 in·

450 2218 719 2294 terpres
768 2211 1085 2277 monachi
1126 2213 1417 2278 devotus
1461 2212 1733 2277 exstitit
1773 2219 1844 2276 et
1888 2213 1963 2277 in
2008 2214 2324 2278 omnibus

452 2311 740 2393 agendis
799 2312 1107 2376 minister
1168 2311 1410 2377 fidelis.
1511 2310 2104 2394 Quandocumque
2163 2332 2326 2379 vero

451 2411 826 2476 monachus
860 2412 1048 2477 solus
1076 2412 1330 2477 alicubi
1364 2431 1519 2477 cum
1552 2411 1771 2476 milite
1812 2411 1967 2489 fuit,
2009 2412 2097 2477 de
2138 2418 2328 2478 statu

450 2513 831 2593 purgatorii
873 2519 945 2576 et
985 2512 1209 2595 poenis
1251 2511 1700 2589 mirabilibus,
1746 2531 1920 2595 quas
1962 2511 2232 2577 viderat
2258 2520 2328 2578 et

451 2619 736 2693 experto
785 2611 1142 2690 didicerat,
1190 2613 1459 2676 curiose
1513 2613 1601 2676 ab
1664 2631 1749 2675 eo
1812 2612 2183 2694 quaesivit3
2252 2620 2327 2677 at

455 2709 592 2787 ille,
638 2712 757 2794 qui
813 2731 1161 2795 nunquam
1216 2712 1454 2778 audire
1499 2712 1730 2795 potuit
1776 2711 1862 2777 de
1923 2713 2325 2795 purgatorio

452 2809 666 2892 loqui,
708 2811 877 2893 quin
914 2819 1386 2895 prorumperet
1429 2812 1503 2876 in
1532 2811 1770 2876 fletum
1803 2812 2326 2890 amarissimum,

455 2909 667 2993 coepit
708 2912 837 2976 sub
891 2911 1118 2994 sigillo
1166 2913 1412 2977 secreti
1454 2912 1675 2977 amico
1713 2930 1840 2996 pro
1879 2912 2328 2978 aedificatione

456 3028 545 3074 ea
594 3029 751 3093 quae
800 3012 1134 3091 audierat,
1163 3013 1455 3090 viderat,
1503 3019 1577 3076 et
1630 3011 2103 3096 experimento
2153 3012 2329 3077 didi-

461 3117 679 3188 cerat,
732 3130 1071 3190 enarrare,
1114 3110 1458 3177 affirmans
1504 3129 1657 3176 sese
1711 3113 1940 3177 omnia
1988 3113 2332 3196 corporeis

461 3209 681 3274 oculis
732 3212 1194 3293 conspexisse.
1298 3211 1534 3295 Hujus
1581 3217 1812 3276 autem
1861 3213 2176 3278 monachi
2223 3213 2330 3277 in·

462 3310 730 3374 dustria
795 3317 865 3374 et
929 3310 1285 3393 diligentia
1345 3311 1552 3395 hujus
1610 3311 1847 3376 militis
1907 3313 2334 3395 experientia

460 3410 739 3474 redacta
788 3416 897 3474 est
938 3409 1012 3474 in
1055 3411 1488 3493 scripturam,
1543 3410 1747 3474 simul
1792 3430 1949 3476 cum
2005 3412 2335 3477 relatione

458 3509 936 3592 episcoporum
996 3511 1293 3592 regionis
1359 3518 1430 3576 et
1490 3510 1781 3575 aliorum
1837 3511 2335 3594 religiosorum,

456 3608 582 3692 qui
650 3628 862 3674 causa
930 3609 1229 3693 justitiae
1305 3610 1797 3693 perhibuerunt
1873 3612 2335 3677 testimonium

460 3708 760 3774 veritati.

520 3905 691 3986 Quod
728 3905 1090 3985 willemus,
1121 3904 1521 3972 Ebot-aconcio
1542 3905 2057 3992 ‹50th,
2084 3928 2299 3974 venem
2419 3964 2426 3972 .

551 4124 760 4193 Anno
772 4128 1053 4195 Domini
1073 4145 1319 4195 Μοων.
1332 4123 1754 4194 Anastasius
1770 4148 1978 4214 papa,
1996 4128 2343 4207 defuncto,
2368 4151 2478 4191 an.
2500 4149 2611 4189 11⁵4.

466 4233 550 4291 ut
601 4229 1069 4312 supradictum
1118 4237 1248 4305 est,
1290 4228 1622 4307 Henrico,
1661 4228 2082 4294 Ebot-acensi
2121 4229 2343 4295 archi·
2369 4199 2572 4293 ἓῗυῗιῧῖ

470 4327 819 4412 episcopo,
850 4329 1153 4395 restituit
1194 4327 1271 4394 in
1314 4329 1542 4394 sedem
1587 4329 1872 4394 eandem
1897 4329 2346 4406 willelmum,
2368 4299 2616 4394 ἓῗῖῗῖἶῖἓφ

470 4446 674 4510 quem
702 4429 891 4511 prius
923 4449 1103 4514 papa
1131 4429 1483 4512 Eugenius
1512 4429 2037 4511 degradaverat,
2087 4428 2349 4493 donans

472 4526 537 4590 ei
571 4527 859 4611 pallium
876 4529 1147 4608 Romae,
1169 4536 1238 4595 et
1252 4530 1326 4594 in
1349 4529 1718 4615 praesehtia
1744 4529 1962 4613 ipsius
1993 4545 2354 4593 consecra·
