3457 5887
1189 805 1320 871 270
1693 820 1961 869 aoonm
2008 821 2102 869 ns
2149 821 2562 871 wsnnovna

1337 1025 1512 1107 Quod
1540 1025 1713 1092 miles
1739 1027 1831 1092 ad
1855 1026 2120 1091 combam
2149 1047 2420 1091 reversus
2446 1025 2688 1093 devotam
2711 1026 2935 1091 Hiero·

1830 1126 2124 1213 solymam
2143 1126 2417 1212 petierit.

1147 1318 1172 1347 ο
1290 1250 1496 1317 Miles
1530 1252 1743 1334 igitur
1772 1251 2089 1328 Hoenus,
2117 1251 2235 1316 via
2256 1268 2397 1333 qua
2421 1257 2731 1328 venerat,
2758 1269 3075 1315 reversus

1191 1350 1277 1415 ad
1308 1351 1538 1415 aulam
1567 1351 1929 1434 praefatam
1959 1351 2313 1433 pervenit;
2356 1350 2477 1413 sed
2506 1349 2878 1427 daemones,
2900 1370 3073 1433 quos

1188 1451 1260 1514 in
1300 1451 1453 1534 ipso
1489 1451 1714 1516 reditu
1754 1470 1880 1517 suo
1919 1451 2119 1528 vidit,
2161 1450 2366 1533 quasi
2405 1450 2724 1515 timentes
2765 1470 2921 1514 eum
2963 1450 3068 1515 fu·

1186 1558 1458 1633 gerunt,
1495 1558 1566 1615 et
1606 1557 1972 1627 tormenta,
2023 1570 2148 1633 per
2192 1569 2351 1633 quae
2387 1550 2686 1627 transiit,
2724 1549 2790 1615 ei
2828 1569 3072 1616 nocere

1184 1649 1680 1734 nequiverunt3
1727 1658 1823 1728 et,
1852 1649 2213 1715 confestim
2257 1668 2413 1714 cum
2457 1648 2688 1713 aulam
2717 1649 3072 1727 intrasset,

1185 1758 1552 1815 occurrunt
1606 1751 1671 1815 ei
1725 1750 2115 1834 quindecim
2166 1749 2299 1815 viri
2349 1748 2752 1832 supradicti,
2812 1749 3068 1832 glorifi-

1184 1857 1420 1915 cantes
1450 1850 1701 1928 Deum,
1736 1850 1856 1934 qui
1887 1856 2154 1914 tantam
2183 1848 2285 1913 illi
2325 1848 2713 1915 contulerat
2744 1857 3063 1915 constan-

1184 1949 1352 2016 tiam
1389 1950 1466 2015 in
1504 1950 1900 2029 tormentis3
1947 1954 1969 1985 ‘
1991 1948 2286 2032 Oportet
2319 1948 2435 2025 te,'
2475 1948 2801 2031 inquiunt
2839 1949 3062 2026 militi,

1185 2055 1208 2085 ‘
1226 2056 1307 2114 ut
1332 2050 1724 2133 quantoties
1757 2049 1917 2114 hinc
1945 2048 2301 2125 ascendas,
2338 2048 2488 2131 jam
2530 2049 2716 2113 enim
2742 2049 2814 2113 in
2841 2049 3063 2131 patria

1186 2156 1310 2215 tua
1342 2149 1658 2215 clarescit
1688 2167 1980 2230 aurora3
2037 2156 2131 2225 et,
2164 2148 2298 2213 nisi
2331 2154 2606 2230 portam
2641 2148 2834 2231 prior
2854 2150 3069 2232 aperi-

1187 2268 1311 2314 ens
1334 2256 1405 2314 te
1434 2249 1797 2327 invenerit,
1820 2248 1905 2314 de
1931 2248 2157 2314 reditu
2187 2256 2308 2313 tuo
2326 2246 2724 2331 desperans,
2754 2249 3069 2315 obserata

1183 2356 1411 2432 porta,
1456 2350 1544 2413 ad
1594 2349 1952 2415 ecclesiam
2011 2346 2439 2413 revertetur?
2540 2346 2793 2430 sicque
2852 2348 3071 2426 miles,

1184 2449 1657 2515 benedictione
1682 2455 2030 2534 percepta,
2063 2449 2151 2513 ab
2176 2448 2276 2514 eis
2299 2446 2665 2513 ascendere
2683 2447 3067 2526 festinavit,

1186 2556 1257 2614 et
1287 2548 1458 2615 hora
1489 2549 1752 2627 eadem,
1797 2566 1938 2631 qua
1981 2554 2252 2631 portam
2295 2547 2481 2630 prior
2529 2547 2816 2629 aperuit,
2864 2548 3066 2614 miles

1184 2647 1250 2712 ei
1290 2648 1378 2713 de
1420 2647 1607 2714 intus
1641 2648 1925 2714 veniens
1965 2646 2318 2727 obviavit3
2369 2665 2568 2729 quem
2608 2664 2761 2711 cum
2791 2644 3058 2714 Christi

1185 2746 1506 2813 laudibus
1561 2749 1751 2832 prior
1787 2747 2167 2830 suscipiens
2213 2746 2286 2812 in
2323 2745 2672 2813 ecclesiam
2707 2746 3063 2829 perduxit,

1187 2847 1306 2910 ubi
1336 2866 1491 2913 cum
1523 2849 1709 2931 [per]
1733 2848 1878 2913 dies
1906 2847 2292 2931 quindecim
2315 2845 2389 2911 in
2415 2845 2723 2911 oratione
2749 2865 3067 2928 perman.

1183 2947 1412 3026 sisset,
1468 2949 1896 3032 signaculum
1961 2947 2184 3013 crucis
2232 2945 2522 3029 accepit,
2573 2953 2645 3012 et
2691 2947 2765 3011 in
2810 2954 3066 3014 terram

1183 3055 1497 3114 sanctam
1525 3050 1815 3114 devotus
1844 3047 2281 3132 proficiscens
2318 3045 2758 3128 sepulchrum
2786 3045 3062 3113 Domini

1183 3167 1339 3211 cum
1381 3147 1551 3214 locis
1603 3148 1757 3212 aliis
1804 3146 2307 3212 venerabilibus
2348 3145 2424 3211 in
2470 3154 2717 3212 sancta
2760 3154 3058 3212 contem·

1180 3247 1484 3330 piatione
1531 3248 1801 3331 petivit.
1904 3246 1997 3314 Et
2059 3246 2244 3324 inde,
2299 3245 2580 3329 expleto
2629 3245 3063 3312 laudabiliter

1179 3348 1750 3430 peregrinationis
1772 3353 1961 3423 voto,
1991 3364 2305 3413 reversus
2340 3335 2573 3427 regem
2607 3338 2625 3375 ¹
2641 3345 3059 3428 Stephanum

1178 3447 1530 3512 dominum
1574 3467 1777 3513 suum
1819 3445 2012 3522 adiit,
2054 3445 2517 3523 consulturus,
2565 3450 2644 3509 ut
2690 3443 2846 3528 ejus
2900 3466 3056 3512 con-

1177 3546 1333 3612 silio
1381 3546 1455 3610 in
1502 3554 1765 3613 sanctae
1824 3545 2174 3628 religionis
2223 3544 2462 3610 ordine
2511 3544 2855 3628 reliquum
2901 3547 3057 3616 vitae

1177 3664 1323 3711 suae
1356 3646 1689 3728 expleret,
1724 3665 1808 3711 ac
1843 3645 2024 3727 Regi
2067 3663 2304 3727 regum
2340 3644 2643 3712 omnium
2680 3644 2768 3712 de
2810 3653 3055 3712 caetero

1176 3745 1523 3812 militaret.
1626 3744 1942 3827 Contigit
1983 3752 2214 3810 autem
2255 3764 2339 3810 eo
2383 3751 2714 3828 tempore,
2759 3752 2843 3810 ut
2886 3743 3055 3812 Ger-

1175 3846 1447 3921 vasius,-
1487 3838 1511 3876 ²
1524 3844 1864 3910 Ludensis
1918 3844 2218 3910 coenobii
2282 3844 2520 3922 abbas,
2577 3863 2742 3928 rege
2796 3843 3059 3928 Anglo-

1174 3964 1327 4009 rum
1359 3944 1710 4027 Stephano
1747 3945 2073 4023 donante,
2106 3944 2334 4010 locum
2367 3943 2456 4010 ad
2501 3944 2859 4010 abbatiam
2899 3964 3059 4014 con·

1176 4044 1572 4110 struendam
1640 4045 1715 4110 in
1786 4042 2127 4110 Hibernia
2190 4044 2533 4110 obtineret
2565 4065 2586 4125 ;
2653 4045 2776 4127 qui
2827 4064 3059 4114 mona·

1175 4142 1378 4208 chum
1398 4164 1600 4210 suum
1626 4145 1903 4210 nomine
1919 4137 1943 4175 ³
1956 4143 2386 4211 Gilebertum
2413 4144 2501 4211 ad
2533 4163 2768 4226 regem
2781 4144 3058 4223 direxit,

1240 4305 1611 4378 wicmannum]
1645 4309 1840 4359 Ussher
1875 4309 1968 4358 has
2004 4310 2082 4359 la—
2188 4306 2531 4360 ⁸Gilebertnm.
2581 4312 2718 4363 ‘Qui
2735 4312 2931 4362 scilicet
2944 4311 3057 4362 Gir·

1170 4379 1362 4429 bom-ed
1391 4383 1445 4428 to
1480 4395 1634 4441 prove
1664 4380 1775 4429 that
1804 4379 1906 4429 this
1933 4380 2084 4431 could
2133 4381 2305 4430 bertus
2338 4386 2513 4442 postea
2591 4381 2634 4430 it
2652 4382 2813 4432 abbas
2844 4383 2908 4431 de
2931 4383 3056 4431 Bas-

1167 4455 1254 4500 not
1295 4449 1423 4500 have
1465 4451 1594 4500 been
1636 4448 1873 4512 Stephon,
1915 4450 2008 4499 but
2052 4464 2085 4500 a
2132 4446 2491 4513 inegeweirth‚‘
2517 4450 2732 4514 Colgan,
2752 4467 2806 4514 p.
2831 4457 2964 4513 27⁹3
3001 4467 3057 4501 or

1168 4520 1293 4583 king
1305 4520 1363 4570 of
1371 4519 1603 4580 [reland3
1634 4519 1884 4570 Primord.
1901 4534 1955 4581 p.
1966 4523 2083 4570 466.
2137 4516 2524 4584 ‘Basingwerk,‘
2541 4535 2574 4571 a
2589 4520 2876 4573 cistercian
2889 4522 3050 4583 abbey

1234 4588 1504 4639 'Laden-ti·
1537 4590 1781 4654 cambii]
1835 4589 1941 4639 The
1979 4605 2084 4640 mo·
2131 4590 2184 4639 in
2206 4590 2493 4641 Flintshirc.

1163 4665 1363 4721 nastery
1386 4660 1445 4709 of
1460 4660 1643 4711 Louth.
