3457 5887
820 1018 929 1058 AJ).
951 1018 1062 1057 1166.

817 1070 980 1109 Leaen

820 1120 870 1158 os
881 1119 1039 1157 Becket

821 1169 905 1208 and
917 1169 1070 1208 others.

827 4006 917 4046 The
933 4007 1053 4046 bisbo
1081 4017 1101 4046 ι

828 4057 1023 4096 disutisfl

827 4107 928 4147 with
946 4107 1117 4147 nectet.

1135 821 1269 888 316
1629 837 1893 884 uocum
1940 836 2034 883 nn
2080 835 2492 883 wimnovssa

1137 1015 1328 1061 meus
1361 996 1552 1074 estiS,
1586 1002 1733 1059 tum
1776 994 1941 1076 quia
1981 1010 2108 1055 rex
2152 1009 2368 1065 meuS,
2421 994 2566 1051 tum
2612 988 2776 1068 quia
2823 985 3014 1049 filius

1138 1115 1329 1161 meus
1392 1094 1816 1180 spiritualis;
1888 1094 1962 1155 in
2022 1111 2105 1155 eo
2164 1088 2347 1172 quod
2411 1087 2750 1161 dominus,
2796 1085 3020 1149 debeo

1138 1205 1210 1267 et
1259 1195 1467 1261 offero
1520 1194 1718 1258 vobis
1766 1191 2125 1257 consilium
2190 1207 2438 1264 meum,
2488 1207 2571 1250 eo
2621 1184 2806 1266 quod
2864 1204 3022 1260 rex,

1138 1303 1375 1361 teneor
1406 1294 1603 1359 vobis
1642 1292 1730 1364 ad
1783 1289 2233 1355 reverentiam
2279 1296 2349 1351 et
2392 1285 3023 1360 commonitionem,

1138 1416 1221 1459 eo
1270 1394 1454 1477 quod
1514 1393 1719 1470 filius,
1777 1392 2043 1456 ratione
2093 1386 2296 1453 officii
2347 1386 2436 1449 ad
2489 1383 3020 1466 castigationem

1138 1502 1210 1558 et
1257 1492 1821 1558 cohortationem.
1927 1489 2367 1569 Inunguntur
2411 1503 2609 1566 reges
2652 1484 2726 1546 in
2765 1482 3022 1565 capite,

1139 1595 1211 1657 in
1249 1600 1550 1677 pectore,
1586 1591 1658 1654 in
1703 1588 2025 1664 brachiiS,
2070 1586 2256 1669 quod
2304 1583 2651 1666 significat
2701 1581 3019 1663 gloriam,

1140 1693 1574 1757 sanctitatem
1625 1697 1698 1755 et
1751 1687 2259 1764 fortitudinem3
2323 1684 2626 1765 regibuS‚
2675 1684 2794 1764 qui
2847 1689 3018 1745 tem-

1140 1791 1419 1876 poribus
1474 1789 1776 1872 antiquis
1837 1786 2369 1872 justificationes
2420 1783 2559 1846 Dei
2602 1802 2734 1844 non
2772 1783 3008 1844 obser-

1141 1893 1398 1955 vabant
1446 1897 1519 1956 et
1572 1886 2007 1972 praevaricati
2059 1893 2224 1948 sunt
2279 1882 2604 1949 mandata
2662 1881 2829 1964 ejus,
2893 1880 3000 1943 his

1142 1990 1417 2055 sublata
1456 1999 1564 2054 est
1612 1988 1857 2070 gloria,
1901 1986 2232 2050 sanctitas
2270 1990 2341 2047 et
2383 1981 2739 2056 fortitudo,
2774 1999 2999 2043 exem-

1143 2091 1259 2172 plo
1313 2090 1543 2153 Saulis
1602 2096 1673 2152 et
1728 2085 2138 2160 SalomoniS,
2201 2084 2320 2165 qui
2375 2101 2541 2145 vero
2594 2088 2755 2164 post
2803 2079 3009 2142 delic-

1146 2198 1290 2253 tum
1346 2188 1876 2253 humiliaverunt
1929 2205 2005 2249 se
2063 2183 2387 2257 Domino,
2437 2180 2545 2243 his
2604 2179 2739 2243 Dei
2789 2178 3014 2260 gratia

1146 2289 1461 2365 accessit,
1510 2288 1690 2351 sicut
1744 2285 2023 2361 Davidi,
2080 2281 2391 2346 Ezechiae
2440 2288 2513 2343 et
2570 2279 2729 2341 aliis
2780 2297 3006 2361 quam-

1146 2387 1479 2469 pluribuS.
1597 2385 1883 2461 Audiat,
1945 2384 2004 2446 si
2066 2382 2359 2463 placeat,
2430 2379 2743 2442 dominus
2821 2397 3012 2439 meus

1145 2487 1503 2552 consilium
1538 2485 1718 2550 servi
1750 2484 1878 2560 sui,
1919 2480 2504 2547 commonitionem
2533 2476 2839 2558 episcopi
2870 2477 3008 2551 sui,

1144 2585 1667 2668 castigationem
1728 2581 1946 2666 patris
2004 2581 2131 2657 sui,
2201 2599 2289 2642 ne
2351 2597 2495 2641 cum
2549 2574 3004 2639 schismaticis

1142 2685 1393 2750 habeat
1445 2684 1531 2748 de
1603 2692 1853 2747 caetero
1924 2681 2225 2761 aliquam
2303 2675 2818 2741 familiaritatem
2883 2675 3002 2738 vel

1144 2785 1709 2860 communionem,
1757 2801 1882 2846 nec
1936 2777 2298 2843 contrahat
2350 2774 2603 2857 aliquid
2656 2794 2811 2837 cum
2856 2775 3000 2849 eis:

1144 2903 1610 2968 memoresque
1660 2883 1814 2947 sitis
1866 2878 2328 2964 professionis,
2379 2894 2585 2958 quam
2637 2873 2897 2937 fecistis
2938 2881 3012 2936 et

1147 2985 1472 3068 posuistis
1550 2985 1877 3065 scriptam
1949 2998 2156 3062 super
2214 2977 2458 3052 altare,
2531 2975 2615 3038 de
2672 2972 3014 3038 servanda

1147 3085 1452 3154 eccloeiae
1503 3084 1639 3148 Dei
1691 3083 2008 3146 libertate
2056 3077 2333 3160 quando
2383 3075 2456 3138 in
2510 3092 2743 3154 regem
2784 3093 3016 3137 conse-

1147 3187 1319 3250 crati
1348 3184 1598 3248 fuistis.
1703 3180 2080 3245 Ecclesiam
2113 3176 2318 3241 etiam
2347 3173 2938 3248 Cantuariensem,
2970 3192 3014 3235 a

1146 3303 1285 3368 qua
1329 3281 1822 3367 promotionem
1868 3277 2251 3361 accepistis,
2298 3276 2372 3337 in
2407 3293 2562 3337 eum
2607 3281 2874 3336 statum·
2914 3292 3016 3334 re-

1147 3385 1450 3450 stituatis
1482 3390 1552 3447 et
1580 3381 2012 3463 dignitatem,
2044 3377 2117 3440 in
2153 3375 2399 3459 quibus
2430 3373 2561 3436 fuit
2595 3373 3012 3455 temporibus

1145 3484 1724 3566 praedecessorum
1775 3486 2159 3544 vestrorum
2219 3481 2290 3538 et
2351 3471 2783 3551 nostrorum;
2847 3471 3014 3534 alio·

1143 3584 1308 3664 quin
1352 3602 1476 3665 pro
1509 3588 1695 3646 certo
1730 3578 1988 3654 sciatis,
2019 3574 2200 3659 quod
2246 3573 2541 3637 divinam
2577 3571 3010 3636 severitatem

1143 3687 1213 3744 et
1242 3682 1572 3747 ultionem
1598 3677 1956 3744 sentietis!

1218 3855 1391 3935 Quod
1423 3854 1627 3918 beatus
1662 3852 1920 3916 nomas
1947 3847 2236 3935 episcopis
2263 3841 2593 3909 habebatwr
2622 3850 2947 3927 mas-pectus.

1245 3978 1499 4043 Eodem
1539 3995 1721 4040 anno
1765 3973 2179 4056 suffraganei
2223 3967 2744 4035 Cantuariensis
2800 3964 3018 4028 eccle·

1143 4080 1262 4143 siae
1319 4077 1646 4160 episcopi,
1708 4093 1863 4138 cum
1923 4073 2274 4137 audissent
2330 4069 2607 4132 beatum
2656 4064 3018 4139 Thomam,

1145 4176 1712 4243 Cantuariensem
1778 4173 2382 4255 archiepiscopum,
2444 4163 3016 4230 consuetudinum

1143 4277 1338 4360 regni
1374 4275 1650 4357 Angliae
1691 4274 2077 4356 iniquarum
2130 4272 2604 4334 observatores
2656 4283 2739 4327 ac
2788 4262 3018 4326 defen-

1143 4396 1332 4443 sores
1374 4371 2096 4440 excommunicationis
2141 4366 2482 4433 sententia
2524 4363 2914 4436 innodasse,
2945 4361 3016 4422 in

1142 4498 1283 4561 qua
1324 4484 1463 4541 tam
1508 4476 1696 4557 ipsos
1728 4471 2137 4555 generaliter
2170 4487 2374 4552 quam
2406 4465 2750 4529 dominum
2784 4480 3016 4543 regem

1137 4577 1544 4653 involverat,
1605 4578 1983 4637 metuentes
2040 4589 2125 4633 ne
2187 4586 2420 4633 omnes
2479 4563 2654 4638 illos,
2712 4580 2888 4644 quos
2942 4562 3014 4623 in
