3457 5887
1264 794 1394 860 146
1770 806 2036 857 nocam
2083 807 2177 854 ΒΕ
2222 805 2632 854 wunnovssn

1265 967 1550 1032 consilio
1611 973 1683 1031 et
1738 964 2229 1030 certificatione
2294 964 2427 1027 Dei
2493 963 2678 1046 regis
2749 961 3127 1044 acciperent

1228 1067 1577 1143 .electum,
1613 1072 1693 1129 ut
1719 1066 1840 1148 qui
1866 1065 2078 1129 tantis
2120 1063 2482 1128 sudoribus
2525 1070 2598 1127 et
2639 1060 2960 1145 periculis
2992 1059 3126 1123 hae-

1263 1165 1519 1230 reditas
1554 1165 1810 1230 Christi
1840 1164 2249 1240 salvaretur,
2272 1163 2572 1247 juratur,
2601 1169 2680 1225 ut
2712 1180 2916 1243 quem
2945 1160 3126 1224 Dens

1262 1264 1569 1346 eligeret,
1608 1282 1843 1329 omnes
1885 1270 2302 1346 acceptasse.
2364 1256 2383 1293 ¹
2405 1261 2708 1326 Traditis
2739 1262 2953 1342 igitur
2983 1278 3127 1322 cum

1265 1365 1364 1428 eis
1390 1365 1510 1427 uni
1538 1365 1648 1429 cui
1681 1363 2063 1446 principum
2096 1363 2224 1426 sub
2264 1361 2537 1438 lumine,
2581 1368 2662 1424 ut
2702 1378 2906 1442 quem
2945 1358 3127 1422 Deus

1265 1463 1547 1546 eligeret
1577 1483 1701 1546 per
1726 1463 1905 1527 cerei
1947 1462 2440 1538 accensionem,
2484 1461 2572 1523 ab
2614 1460 2930 1524 omnibus
2972 1474 3129 1521 sane

1265 1582 1391 1626 rex
1425 1562 1937 1627 acclamaretur.
1995 1561 2276 1625 Electus
2308 1567 2378 1624 et
2407 1559 2550 1623 dux
2583 1559 3130 1624 Normannorum

1268 1662 1613 1726 Robertus
1640 1680 1838 1725 suum
1868 1660 1978 1724 cui
2009 1679 2371 1724 accensum
2403 1660 2580 1723 clam
2611 1657 3028 1722 extinxisset
3068 1663 3130 1719 et

1264 1760 1664 1826 electionem
1707 1761 1793 1824 de
1836 1780 1912 1823 se
1953 1759 2281 1824 divinitus
2324 1758 2576 1822 factam
2629 1756 2994 1821 infeliciter
3034 1774 3130 1818 re-

1264 1859 1538 1937 futavit,
1584 1878 1892 1942 speranS,
1938 1857 2306 1935 affirmanS,
2361 1876 2436 1922 se
2485 1857 2707 1921 adhuc
2761 1856 2831 1920 in
2877 1854 3127 1936 Anglia

1270 2005 1288 2022 .
1325 2006 1341 2023 .
1381 2006 1398 2022 .
1438 2006 1451 2020 .
1498 1959 1693 2023 litate
1749 1977 2039 2040 regnare
2094 1957 2453 2021 delicatius
2515 1970 2986 2038 reg-naturum,
3051 1953 3128 2017 de

1265 2077 1401 2140 qno
1436 2078 1649 2140 regno
1680 2076 1756 2121 se
1787 2106 1801 2122 .
1840 2104 1853 2118 .
1893 2106 1909 2121 .
1948 2104 1965 2121 .
2070 2056 2209 2136 Qui
2238 2075 2473 2121 omnes
2499 2057 2936 2129 unanimiter,
2979 2060 3129 2135 post

1265 2156 1519 2221 multas
1584 2157 1742 2221 hinc
1808 2165 1877 2220 et
1936 2156 2095 2220 inde
2158 2154 2709 2238 disceptationem
2764 2155 2837 2218 in
2897 2153 3127 2217 ducem

1268 2254 1710 2320 Godefridum
1740 2263 2219 2331 consonanteS,
2255 2256 2478 2338 ipsum
2522 2255 2808 2336 eligunt,
2844 2260 2919 2317 et
2960 2252 3128 2316 elec-

1265 2362 1411 2419 tum
1454 2355 1816 2438 sepulchro
1864 2355 2141 2419 Domini
2181 2374 2336 2418 cum
2377 2353 2692 2417 laudibus
2740 2359 2811 2417 et
2865 2352 3129 2435 hymnis

1266 2461 1336 2519 et
1368 2455 1652 2518 canticis
1684 2460 2201 2537 repraesentant.
2303 2453 2412 2519 De
2443 2451 2835 2535 patriarcha
2863 2471 3128 2535 quoque

1265 2553 1744 2618 constituendo
1773 2554 1859 2615 in
1903 2559 2143 2616 sancta
2186 2552 2466 2617 civitate
2499 2552 2837 2635 principes
2878 2558 3128 2614 tracta·

1265 2660 1412 2716 tum
1456 2651 1807 2728 habentes,
1856 2653 2090 2716 favore
2140 2651 2335 2715 ducis
2382 2651 2939 2716 Normannorum
2989 2649 3129 2713 Ro-

1265 2751 1465 2828 berti,
1513 2752 1873 2835 episcopus
1921 2750 2198 2833 quidam
2247 2750 2756 2814 Maturanensis
2803 2750 2891 2813 de
2936 2748 3132 2813 Gala-

1264 2850 1416 2914 bria
1445 2849 1882 2934 Arnulphum
1916 2850 2047 2914 sibi
2074 2849 2473 2914 familiarem
2507 2849 2872 2931 quendam,
2904 2867 3125 2912 sacer·

1263 2950 1445 3015 dotis
1496 2952 1709 3015 filium
1754 2957 1825 3014 et
1861 2952 2041 3014 inter
2080 2951 2476 3032 peregrinos
2527 2950 3024 3014 incontinentia
3062 2956 3128 3012 et

1265 3050 1476 3114 nimia
1508 3050 1791 3115 levitate
1818 3056 2153 3125 notatum,
2186 3049 2257 3112 in
2290 3050 2451 3113 sede
2493 3048 2938 3132 patriarchali
2979 3068 3125 3113 con—

1265 3150 1515 3229 trusit3
1577 3150 1696 3213 sed
1757 3148 1935 3213 idem
1989 3147 2411 3231 Arnulphus„
2464 3149 2602 3213 cita
2649 3155 2870 3213 morte
2924 3150 3126 3211 inter·

1264 3250 1603 3327 veniente,
1636 3256 1892 3313 temere
1924 3256 2310 3330 susceptam
2342 3255 2618 3312 coactus
2660 3254 2768 3311 est
2799 3248 3132 3329 deponere

1266 3348 1692 3428 dignitatem.
1799 3346 1971 3411 Post
1998 3346 2192 3410 illum
2223 3354 2475 3424 autem,
2505 3354 2797 3412 vacante
2820 3346 2982 3411 sede
3013 3366 3130 3428 per

1264 3465 1532 3509 menses
1590 3447 1918 3529 quinque,
1979 3446 2343 3529 principes,
2401 3447 2520 3529 qui
2570 3453 2946 3529 praesentes
2986 3446 3129 3509 fue·

1267 3552 1451 3622 runt,
1502 3552 1660 3627 post
1718 3544 2004 3609 multam
2055 3545 2631 3622 deliberationem,
2676 3546 3131 3610 venerabilem

1267 3644 1489 3708 virum
1541 3644 1948 3713 Daibertum
1997 3644 2069 3707 in
2135 3645 2380 3709 throno
2438 3644 2877 3727 patriarchali
2928 3652 2999 3708 et
3060 3645 3134 3708 in

1266 3761 1431 3805 cura
1489 3742 1830 3807 collocant
1885 3744 2261 3825 pastorali3
2313 3744 2444 3807 fuit
2487 3751 2712 3807 autem
2754 3750 2961 3808 antea
2990 3744 3137 3825 epi-

1267 3861 1516 3925 scopus
1553 3841 1830 3906 Pisanae
1867 3842 2201 3920 ecclesiae,
2233 3843 2341 3907 vir
2380 3843 2468 3906 ad
2511 3842 2783 3925 plenum
2830 3843 3136 3907 eruditus

1266 3950 1336 4005 et
1368 3942 1439 4005 in
1472 3941 1756 4025 agendis
1784 3940 2263 4006 ecclesiasticis
2293 3961 2337 4005 a
2367 3961 2580 4026 puero
2611 3943 2969 4007 enutritus.

1331 4172 1348 4204 ¹
1368 4175 1587 4224 Proditis
1599 4174 1800 4238 igitur-‚J
1833 4175 1938 4224 The
1958 4189 2171 4238 passage
2227 4175 2624 4224 Normannorum
2678 4172 2946 4237 Robertus,
2985 4190 3140 4226 suum

1258 4242 1516 4307 following
1529 4245 1709 4294 should
1719 4245 1961 4306 probably
1976 4245 2038 4293 be
2051 4245 2170 4294 read
2221 4245 2309 4306 qui
2354 4259 2617 4294 accensum
2661 4244 2794 4293 clam
2835 4246 3051 4294 extinxit
3082 4252 3141 4295 et

1259 4312 1405 4373 thus;
1449 4316 1465 4342 ‘
1487 4315 1708 4363 Traditio
1754 4315 1911 4376 igitur
1947 4314 2170 4364 candelis
2218 4315 2507 4364 electionem
2528 4314 2593 4363 de
2614 4327 2666 4363 se
2688 4314 2931 4363 divinitus
2951 4315 3138 4364 factam

1259 4383 1530 4443 unicuique
1545 4385 1824 4446 principum
1842 4384 1950 4434 sine
1964 4385 2169 4445 lumine,
2217 4384 2484 4433 infeliciter
2520 4383 2774 4442 refutavit,
2816 4398 3042 4445 sperans,
3079 4400 3140 4434 se

1257 4455 1315 4499 ut
1335 4466 1483 4513 quem
1511 4453 1655 4502 Deus
1684 4452 1892 4516 eligeret
1919 4468 2011 4516 per
2037 4453 2168 4503 cerei
2217 4454 2384 4502 adhuc
2399 4454 2452 4501 in
2466 4452 2654 4516 Anglia
2672 4453 2932 4503 nobilitate
2947 4453 3144 4504 delica-

1253 4522 1614 4585 accensionem,
1624 4523 1689 4572 ab
1700 4523 1930 4571 omnibus
1945 4538 2064 4573 sane
2077 4537 2163 4571 rex
2216 4522 2318 4572 tius
2337 4518 2692 4585 regnaturum?

1253 4592 1630 4656 acclamaretur,
1683 4592 1876 4641 electus
1929 4598 2007 4642 est
2059 4593 2164 4641 dux
2655 4604 2666 4613 ·
