3457 5887
1119 822 1252 889 250
1632 839 1899 887 nocem
1948 840 2041 887 1>ss
2084 838 2496 887 wnunovsn

808 1029 919 1072 Am.
940 1031 1051 1070 11⁵1.
1125 997 1664 1062 benedictionem
1691 998 2018 1081 suscepit.
2120 997 2520 1080 Supervixit
2553 1003 2789 1060 antem
2828 1016 3003 1078 prae·

1126 1099 1441 1163 decessor
1500 1097 1651 1181 ejus
1709 1106 1868 1181 post
1928 1097 2147 1180 ipsius
2212 1098 2710 1180 promotionem
2766 1096 3004 1160 diebus

1127 1197 1595 1275 novendecim,
1644 1205 1715 1262 et
1770 1205 1934 1261 tunc
1985 1197 2351 1261 defunctus
2409 1196 2722 1280 sepultus
2777 1204 2886 1260 est
2933 1197 3002 1260 in

1125 1298 1430 1380 capitulo
1478 1298 1550 1361 in
1600 1297 1887 1361 aliorum
1942 1299 2268 1361 abbatum
2310 1296 2548 1361 ordine
2590 1306 3003 1361 reverenter.

1127 1396 1386 1462 Eodem
1436 1416 1620 1462 anno
1663 1397 1920 1462 dictum
1971 1405 2079 1462 est
2133 1396 2405 1461 cuidam
2463 1397 2537 1460 in
2587 1397 2871 1473 somnis,
2930 1405 3009 1460 ut

1129 1516 1372 1560 manus
1415 1515 1579 1561 suas
1624 1504 1975 1561 truncaret
2018 1504 2089 1561 et
2132 1496 2342 1579 pedes
2376 1503 2448 1560 et
2489 1497 2591 1560 sic
2619 1495 2859 1559 salvus
2891 1495 3007 1559 fie-

1131 1604 1256 1673 ret,
1308 1597 1490 1679 quod
1544 1616 1699 1661 cum
1753 1597 2027 1660 fecisset
2076 1597 2313 1661 statim
2363 1596 2773 1678 exspiravit.
2874 1596 3008 1661 Illo

1127 1716 1309 1760 anno
1363 1697 1534 1761 obiit
1584 1690 1960 1773 ¹Matildis,
2016 1716 2195 1761 uxor
2246 1697 2429 1778 regis
2484 1695 2844 1778 Stephani,
2895 1695 3005 1759 die

1127 1796 1536 1860 inventionis
1569 1803 1832 1861 sanctae
1860 1796 2103 1861 Crucis
2136 1797 2319 1880 apud
2353 1794 2820 1878 Haingeham,
2853 1814 3004 1858 cas-

1128 1895 1363 1959 tellum
1411 1896 1681 1960 comitis
1709 1895 2014 1961 Alberici
2045 1897 2132 1961 de
2161 1896 2332 1973 Ver,
2371 1903 2441 1960 et
2477 1895 2552 1958 in
2599 1896 2872 1959 abbatia
2913 1895 3002 1959 de

1133 1995 1572 2072 Feversham,
1592 2015 1801 2078 quam
1831 2016 1956 2061 rex
1988 1995 2377 2078 Stephanus
2405 1995 2835 2072 fundaverat,
2861 2003 3001 2060 tra-

1131 2094 1317 2159 ditur
1352 2096 1752 2179 sepulturae.
1844 2096 2102 2161 Eodem
2139 2115 2318 2160 anno
2349 2094 2398 2159 J
2402 2095 2741 2173 ohannes,
2771 2114 3004 2159 mona-

1131 2195 1301 2259 chus
1333 2194 1710 2276 Sagiensis,
1740 2196 1961 2260 factus
1990 2203 2097 2260 est
2125 2189 2505 2260 ²secundus
2532 2196 2829 2259 antistes
2854 2195 3006 2259 Μο-

1131 2295 1265 2359 niae
1297 2294 1567 2373 insulae,
1596 2315 1754 2378 quae
1776 2303 1881 2360 est
1911 2297 2092 2360 inter
2111 2294 2440 2377 Angliam
2473 2302 2546 2358 et
2573 2295 3005 2372 Hiberniam,

1131 2395 1579 2478 propinquior
1626 2403 1855 2459 tamen
1903 2394 2221 2477 Angliae3
2288 2395 2467 2458 unde
2521 2403 2592 2459 et
2640 2396 3009 2478 episcopus

1130 2495 1248 2559 ille
1277 2494 1790 2579 archiepiscopo
1822 2496 2134 2580 subjacet
2173 2495 2606 2559 Eboracensi.
2723 2494 3010 2558 Primus

1131 2601 1361 2658 autem
1402 2594 1497 2658 ibi
1530 2595 1758 2658 fuerat
1785 2596 2145 2678 episcopus
2164 2594 2591 2672 Wimundus,
2619 2593 3003 2658 monachus

1131 2692 1576 2771 Saviniensis,
1610 2694 1732 2758 sed
1760 2702 2040 2777 propter
2070 2695 2220 2779 ejus
2247 2695 2817 2776 importunitatem
2850 2694 2994 2776 pri-

1132 2800 1336 2857 vatus
1370 2792 1504 2858 fuit
1540 2794 1759 2858 oculis
1798 2801 1868 2858 et
1898 2794 2250 2877 expulsus.
2355 2794 2609 2859 Eodem
2630 2813 2806 2858 anno
2828 2794 3005 2858 obiit

1130 2891 1546 2971 Willelmus,
1575 2894 1938 2977 episcopus
1972 2894 2477 2960 Dunelmensis.
2541 2894 2797 2960 Eodem
2825 2912 3007 2959 anno

1132 2988 1547 3058 Gaufridus³
1585 2993 1937 3059 Arthnrns
1980 2995 2204 3059 factus
2245 3002 2351 3060 est
2390 2993 2756 3078 episcopus
2788 2996 3007 3058 sancti

1130 3091 1371 3178 Asaph
1410 3094 1483 3158 in
1520 3093 1927 3173 Norwallia,
1971 3095 2090 3177 qui
2126 3095 2482 3159 historiam
2526 3095 2894 3159 Britonum
2927 3095 3009 3159 de

1129 3192 1369 3275 lingua
1414 3194 1820 3259 Britannica
1862 3195 2219 3259 transtulit
2255 3195 2327 3258 in
2369 3193 2713 3260 Latinam.
2817 3188 3008 3273 ⁴Quo

1129 3294 1336 3358 etiam
1383 3313 1564 3359 anno
1594 3294 1669 3358 in
1700 3295 2006 3377 capitulo
2036 3294 2476 3360 cisterciensi
2509 3302 2852 3360 statutum
2881 3302 3004 3372 oet,

1132 3413 1218 3457 ne
1263 3393 1349 3459 de
1395 3403 1645 3459 caetero
1695 3395 1910 3478 aliqui
1971 3413 2221 3460 novam
2275 3401 2752 3459 construerent
2806 3396 3007 3459 abba·

1131 3493 1325 3571 tiam,
1383 3495 1549 3577 quia
1612 3513 1936 3559 numerus
2000 3495 2427 3559 abbatiarum
2487 3494 2674 3559 illius
2755 3495 3006 3559 ordinis

1131 3610 1348 3674 usque
1371 3593 1459 3656 ad
1486 3595 1900 3676 quingentas
1926 3594 2256 3659 excrevit.
2316 3593 2675 3659 Iohannes
2693 3589 3003 3678 ⁵Papir0,

1130 3690 1523 3769 cardinalis,
1557 3692 1902 3774 legatione
1929 3694 2266 3776 fungens
2246 3714 2318 3759 m
2347 3694 2691 3758 Hibernia
2717 3703 3010 3778 quatuor

1129 3790 1224 3854 ibi
1277 3791 1635 3855 constituit
1670 3792 2264 3878 archiepiscopos3
2316 3794 2460 3878 qui,
2499 3794 2662 3858 dum
2700 3813 2828 3878 per
2863 3795 3009 3858 An-

1202 4022 1218 4054 ¹
1233 4026 1506 4091 Matina]
1538 4028 1638 4077 She
1670 4027 1810 4090 died,
1843 4029 2048 4079 accord·
2164 4027 2469 4090 'Gom-idus
2500 4028 2768 4079 Arcam.
2785 4031 2811 4094 ]
2859 4029 3013 4081 Gens·

1129 4097 1217 4159 ing
1248 4101 1299 4145 to
1320 4096 1564 4154 Gervase.
1596 4113 1662 4147 on
1692 4098 1778 4148 the
1810 4099 1896 4148 eth
1921 4099 2048 4162 May
2096 4099 2281 4161 ἠοῖαι·
2297 4100 2611 4162 Monmouth,
2630 4100 2715 4149 the
2738 4101 3008 4160 historin;

1134 4168 1439 4226 11523001.
1484 4171 1630 4219 1372.
1733 4168 2052 4231 Hagustaldt
2094 4170 2178 4219 the
2206 4171 2325 4219 time
2360 4169 2418 4219 of
2449 4169 2529 4219 hin
2562 4169 2716 4219 death
2754 4171 2799 4220 is
2837 4186 3010 4220 uncer-

1130 4236 1299 4297 places
1320 4235 1411 4286 her
1430 4237 1618 4286 death
1605 4253 1656 4287 m
1685 4238 1770 4287 the
1804 4253 1926 4300 year
1955 4239 2047 4288 fol·
2092 4241 2213 4289 tuin.

1128 4306 1333 4367 leving.
2163 4308 2307 4364 ‘Qun
2348 4308 2496 4357 etim
2527 4310 2708 4373 mo]
2763 4311 3006 4370 Compare

1209 4373 1490 4426 ’Secundus
1532 4377 1754 4427 antistes.
1775 4372 1803 4445 ]
1861 4377 2044 4427 Chron.
2095 4380 2216 4428 Ree.
2237 4378 2328 4427 des
2352 4379 2489 4429 Hist.
2510 4381 2621 4430 xiii.
2644 4385 2760 4439 29⁵,
2779 4384 2899 4428 ιοιε.

1132 4445 1372 4495 Norman.
1416 4462 1469 4509 p.
1506 4450 1620 4498 986.
1700 4448 1784 4496 He
1819 4462 1927 4497 was
1962 4447 2045 4496 the
2176 4446 2438 4512 ‘Papia-od
2487 4450 2804 4512 Papamnus,
2823 4465 2880 4497 οι·
2905 4450 3007 4496 Pa-

1128 4516 1312 4565 second
1335 4517 1511 4579 bishop
1534 4517 1662 4567 after
1693 4518 1777 4567 the
1811 4519 1962 4567 union
1994 4518 2052 4566 of
2093 4520 2272 4580 pyrio;
2328 4534 2411 4568 see
2454 4520 2605 4582 Pagi,
2643 4520 2708 4568 ad
2744 4533 2824 4569 an.
2863 4522 3006 4576 1151,

1130 4585 1213 4634 the
1238 4600 1321 4636 see
1345 4587 1466 4636 with
1488 4587 1662 4637 Sodor.
2092 4588 2119 4649 ἧ
2140 4589 2226 4636 vii.
