3457 5887
885 963 998 1005 Am.
1017 962 1132 1004 ms.

898 2440 1090 2482 Becket's

896 2497 1028 2532 term·
1044 2492 1092 2532 of
1104 2502 1168 2531 re-

896 2542 1173 2582 eoncllhtlou.

1200 762 1333 828 388
1709 780 1976 829 noctur
2020 778 2117 829 nn
2159 777 2573 829 wmmovun

1206 938 1453 1002 mentis
1508 938 1762 1020 poterit
1818 939 2199 1022 exprimere
2255 939 2634 1021 passiones,
2691 937 2887 1021 cujus
2943 954 3080 1019 pa-

1206 1046 1314 1103 ter
1343 1045 1417 1102 et
1456 1044 1700 1115 mater,
1736 1037 1980 1102 fratres
2017 1045 2090 1102 et
2131 1054 2424 1115 eorm-ee,
2472 1044 2758 1122 nepotes
2794 1046 2866 1101 et
2903 1054 3100 1119 nep-

1208 1147 1336 1215 tes,
1381 1137 1611 1202 clerici
1664 1144 1738 1202 et
1779 1138 2076 1201 ministri
2119 1154 2246 1221 pro
2304 1155 2387 1203 eo
2438 1144 2604 1201 sunt
2666 1137 2741 1200 in
2793 1136 3077 1200 exilium

1207 1237 1417 1321 pulsi,
1464 1243 1534 1301 et
1576 1237 1749 1320 ipse,
1793 1237 1911 1319 qui
1951 1245 2094 1301 tam
2135 1236 2510 1302 reverenda
2553 1243 2709 1301 erat
2745 1237 2820 1300 in
2864 1236 3085 1300 eccle-

1209 1337 1316 1402 sia
1369 1336 1505 1400 Dei
1564 1354 1877 1418 persona,
1921 1354 2167 1419 panem
2223 1351 2424 1401 suum
2482 1337 2554 1400 in
2617 1345 2811 1400 terra
2859 1336 3088 1399 aliena

1210 1452 1365 1500 cum
1403 1434 1638 1499 dolore
1677 1436 2069 1518 compulsus
2105 1444 2213 1501 est
2252 1435 2642 1500 mendicare
2664 1438 2697 1500 ‘t
2775 1434 2913 1499 Sed
2951 1434 3097 1499 for--

1212 1543 1420 1611 tasse,
1464 1535 1630 1616 quia
1669 1554 1871 1599 nemo
1917 1542 2196 1618 repente
2246 1533 2328 1600 fit
2367 1552 2705 1612 summus,
2746 1535 2898 1599 baec
2933 1535 3100 1617 ejus·

1210 1634 1488 1698 fuerunt
1522 1641 1872 1699 tormenta
1904 1636 2393 1718 praecurreutia
2432 1635 2522 1699 ad
2559 1632 2752 1699 illius
2779 1635 3082 1698 animum

1212 1733 1644 1798 solidandum
1710 1741 1785 1799 et
1846 1734 2284 1817 perferendas
2339 1732 2655 1820 injurias,
2729 1750 3082 1816 quousque

1212 1834 1471 1897 strictis
1515 1833 1791 1898 ensibus
1841 1834 1930 1898 ad
1985 1836 2296 1918 martyrii
2351 1834 2647 1917 gloriam
2699 1835 3080 1917 pertingere

1212 1939 1609 2009 mereretur,
1643 1934 1758 1997 cui
1795 1932 2098 1998 nondum
2140 1941 2374 2000 certus
2411 1934 2641 1999 fuerat
2684 1934 2874 1999 locus
2906 1950 3085 1996 mar-

1212 2032 1376 2114 tyrii
1418 2031 1815 2115 deputatus.

1348 2203 1587 2270 Forma
1600 2205 1944 2289 petitionis,
1972 2224 2157 2288 quam
2192 2201 2472 2279 Τῆοηιω,
2508 2203 2981 2269 camdem&

1589 2303 2100 2389 arohiqvkcopus,
2129 2323 2173 2366 a
2200 2324 2333 2389 ναμε
2349 2301 2710 2387 postulavit.

1351 2428 1613 2494 Eodem
1670 2447 1882 2504 anno,
1938 2425 2119 2490 iufra
2176 2433 2460 2491 octavas
2519 2425 2699 2488 beati
2766 2422 3094 2501 Martini,

1217 2535 1626 2610 procurante
1667 2546 1934 2592 summo
1967 2525 2313 2608 pontifice,
2346 2519 2674 2588 ¹habitum
2715 2530 2823 2586 est
2866 2523 3090 2587 collo-

1216 2628 1454 2710 quium
1492 2647 1705 2709 prope
1751 2624 2058 2690 Parisius
2091 2625 2274 2689 inter
2315 2643 2508 2705 reges
2551 2622 2968 2686 Francorum
3005 2630 3085 2686 et

1215 2723 1626 2808 Anglorum‚
1658 2722 1779 2789 ubi
1812 2738 2116 2808 praesens
2149 2722 2284 2787 fuit
2321 2719 2861 2805 archiepiscopus
2897 2719 3085 2788 Can-

1217 2826 1608 2903 mariensis,
1636 2825 1758 2889 sed
1790 2844 1865 2889 se
1902 2823 2300 2906 conspectui
2327 2823 2511 2907 regis
2541 2819 2929 2902 Anglorum
2959 2821 3090 2884 mi-

1182 2949 1189 2958 ·
1221 2925 1400 2990 nime
1424 2924 1916 3009 praesentavit3
1960 2924 2079 2988 ubi
2107 2942 2261 2988 cum
2294 2919 2414 2987 diu
2445 2928 2822 2987 metatum
2849 2920 3092 2986 suisset

1220 3026 1308 3090 de
1333 3042 1504 3107 pace
1533 3023 1971 3090 reformanda
1999 3025 2180 3088 inter
2208 3041 2442 3105 regem
2468 3021 2862 3105 Anglorum
2888 3029 2964 3086 et
2992 3041 3096 3085 ar-

1220 3125 1725 3209 chiepiscopum
1771 3123 2358 3201 cantuariensem,
2400 3121 2584 3186 idem
2638 3121 3093 3206 archiepmco⁴

1219 3243 1374 3308 pus,
1411 3237 1533 3306 per
1570 3223 1930 3288 consilium
1955 3224 2140 3305 regis
2176 3223 2595 3287 Francorum
2632 3229 2708 3285 et
2741 3222 3091 3304 episcopo-

1220 3338 1372 3387 rum
1406 3331 1477 3387 et
1511 3341 1866 3406 procerum
1898 3322 2021 3406 qui
2048 3321 2435 3398 adfuerant,
2461 3321 2868 3405 petitionem
2904 3339 3091 3385 suam

1220 3424 1293 3487 in
1331 3422 1660 3487 schedula
1698 3422 2049 3486 redactam
2086 3423 2234 3504 regi
2277 3420 2664 3504 Anglorum
2713 3422 3092 3486 transmisit

1219 3521 1368 3586 hoec
1398 3523 1613 3587 verba
1641 3522 2148 3602 continentem3
2193 3527 2215 3555 ‘
2237 3521 2397 3585 Hoc
2421 3522 2726 3603 petimus
2748 3539 2796 3585 a
2822 3521 3090 3584 domino

1220 3626 1458 3684 nostro
1505 3641 1692 3704 rege,
1734 3618 1947 3705 juxta
1995 3617 2356 3685 consilium
2409 3627 2479 3684 et
2527 3621 2921 3684 mandatum
2964 3618 3090 3684 do·-

1219 3719 1387 3782 mini
1432 3739 1656 3804 papae,
1699 3727 2061 3803 quatenus,
2103 3737 2228 3803 pro
2277 3737 2508 3784 amore
2550 3710 2688 3784 Dei
2726 3728 2801 3784 et
2839 3720 3093 3783 domini

1220 3836 1420 3901 papae
1471 3826 1544 3883 et
1594 3819 1851 3884 honore
1897 3827 2155 3885 sanctas
2203 3820 2514 3884 ecclesiae
2565 3827 2640 3883 et
2685 3820 2916 3884 mute
2972 3837 3098 3883 sua

1221 3925 1293 3981 et
1349 3917 1696 3983 haeredum
1760 3936 2062 3997 suorum,
2124 3919 2410 4002 recipiat
2467 3937 2597 3983 nos
2657 3920 2736 3982 in
2802 3918 3098 4001 gratiam

1221 4034 1442 4095 suam,
1479 4024 1551 4082 et
1582 4017 1916 4083 concedat
1952 4019 2149 4083 nobis
2184 4026 2260 4084 et
2293 4017 2631 4095 omnibus,
2662 4019 2786 4102 qui
2817 4037 2950 4102 pro
2979 4037 3098 4084 no·

1221 4117 1328 4180 bis
1371 4123 1443 4180 et
1492 4117 1847 4182 nobiscum
1897 4118 2215 4183 exierunt
2265 4117 2349 4182 de
2396 4135 2611 4200 regno
2653 4137 2813 4196 suo,
2861 4137 3100 4201 pacem

1223 4224 1295 4281 et
1336 4217 1609 4301 plenam
1660 4215 2100 4282 securitatem
2147 4218 2233 4283 de
2286 4236 2364 4282 se
2411 4225 2486 4282 et
2528 4217 2673 4281 suis
2717 4219 2868 4281 sine
2914 4220 3100 4283 malo

1292 4424 1306 4454 ¹
1326 4420 1566 4470 Habitum
1586 4424 1661 4468 est
1678 4414 2004 4488 colloquium]
2038 4420 2132 4468 Di·
2180 4420 2265 4469 the
2286 4422 2505 4483 meessng
2525 4421 2713 4482 which,
2748 4423 3020 4485 according
3039 4429 3099 4472 ‘m

1220 4490 1487 4552 named.
1518 4493 1645 4540 ⁸50.
1715 4489 1965 4551 Compare
1998 4490 2134 4538 Fiu-
2178 4490 2426 4554 Germ-e,
2454 4503 2564 4540 was
2588 4489 2710 4540 held
2744 4497 2802 4541 at
2830 4489 3101 4542 Manuar-

1220 4561 1458 4624 Stephen‚
1477 4576 1530 4622 p.
1544 4564 1624 4610 58.
1677 4559 1801 4609 This
1822 4561 1868 4609 is
1888 4560 2132 4622 probably
2179 4564 2288 4622 tre;
2325 4561 2422 4611 col.
2452 4565 2594 4610 14⁰8.
2698 4590 2704 4598 ,
