3457 5887
1167 835 1302 902 m
1668 849 1937 899 noem
1983 849 2078 896 ns
2122 845 2535 897 wsunovna

852 1025 1100 1070 A-n-nn·
1175 1008 1405 1075 laetale
1441 1001 1726 1074 ¹vulnus
1765 1007 2024 1091 recepit
2054 1005 2130 1070 in
2159 1005 2283 1070 illa
2320 1006 2626 1089 corporis
2653 1014 2866 1089 parte,
2897 1027 3051 1091 qua

853 1078 1089 1170 w«
1174 1110 1312 1175 olei
1351 1110 1533 1175 sacri
1572 1107 1875 1193 perfusio
1908 1105 2276 1191 specialius
2315 1105 2512 1170 illum
2550 1106 2841 1172 Domino
2880 1127 3047 1172 con-

1176 1216 1600 1290 secraverat3
1644 1227 1772 1273 nec
1804 1208 1977 1273 satis
2007 1205 2141 1271 fuit
2172 1206 2275 1270 eis
2306 1206 2647 1289 sanguine
2673 1207 3049 1273 sacerdotis

1175 1315 1248 1375 et
1296 1329 1462 1376 nece
1511 1308 1872 1374 ecclesiam
1918 1306 2285 1391 profanare
2332 1312 2407 1371 et
2450 1306 2633 1371 diem
2675 1308 3053 1371 sacratissi-

1174 1428 1363 1474 mum
1391 1409 1756 1489 incestare,
1786 1407 1945 1485 nisi,
1977 1425 2234 1473 corona
2262 1406 2511 1489 capitis
2542 1413 2931 1489 amputata,
2954 1406 3053 1470 fu-

1175 1508 1390 1574 nestis
1420 1508 1670 1592 gladiis
1698 1508 1851 1593 jam
1889 1505 2192 1572 defuncti
2229 1505 2561 1590 ejicerent
2601 1507 2951 1571 cerebrum
2983 1513 3054 1571 et

1171 1608 1639 1692 pavimentum
1669 1607 2139 1674 crudelissime
2166 1612 2574 1690 spargerent
2604 1625 2761 1670 cum
2788 1626 3046 1672 cruore.

1234 1772 1679 1852 Quodliotom
1709 1770 2988 1858 boatimnyriupoliarapumnt‚ade

1709 1872 1841 1959 ejus
1870 1873 2170 1959 martyrii
2194 1872 2515 1959 diynitaw.

1273 1997 1650 2062 Translate
1691 1996 1780 2060 ad
1827 1996 2132 2063 caelestia
2173 2001 2476 2078 martyre
2528 1993 2853 2077 glorioso,
2891 1987 3042 2056 ²ne-

1176 2097 1366 2162 fandi
1397 2098 1675 2162 lictores
1706 2116 1864 2162 cum
1896 2096 2040 2161 suis
2081 2095 2530 2180 complicibus
2560 2093 3043 2177 supellectilem

1178 2197 1503 2283 martyris
1553 2204 1627 2262 et
1673 2196 2073 2261 clericorum
2113 2195 2265 2280 ejus
2306 2201 2539 2259 vestes
2587 2201 2660 2258 et
2712 2194 3046 2259 ministro-

1175 2317 1332 2362 rum
1389 2294 1809 2362 officinarum
1868 2295 2171 2361 omnium
2234 2294 2554 2359 utensilia
2604 2291 2888 2376 penitus
2944 2311 3049 2356 ra-

1176 2404 1497 2480 puerunt.
1598 2394 1868 2479 Corpus
1909 2402 2140 2461 autem
2190 2393 2717 2471 sanctissimum,
2752 2392 2941 2477 quod
2982 2394 3051 2456 in

1176 2497 1482 2562 ecclesiae
1524 2494 1850 2561 decubuit
1888 2495 2308 2579 pavimento,
2358 2501 2515 2558 ante
2538 2492 2783 2577 *majus
2827 2493 3053 2556 altare

1174 2603 1283 2662 est
1329 2597 1460 2661 sub
1505 2595 1723 2679 ipsius
1775 2595 1911 2660 diei
1963 2594 2366 2678 crepusculo
2419 2592 2863 2676 deportatum,
2925 2591 3047 2655 ubi

1173 2695 1358 2778 quod
1407 2695 1600 2778 prius
1642 2696 1734 2760 ad
1782 2693 2099 2760 notitiam
2152 2692 2366 2759 solius
2410 2691 2796 2759 cubicularii
2832 2692 3045 2756 deve-

1174 2802 1392 2872 nerat,
1440 2794 1872 2861 adstantibus
1918 2802 2084 2859 tunc
2124 2794 2390 2860 cunctis
2437 2793 2623 2858 venit
2660 2792 2734 2855 in
2778 2792 3048 2870 lucem;

1172 2892 1337 2960 licet
1381 2895 1563 2962 enim
1613 2893 2166 2979 archiepiscopus
2217 2893 2526 2961 habitum
2578 2890 3054 2969 monachilem,

1175 3015 1380 3078 quem
1414 3015 1460 3060 a
1491 3003 1798 3079 tempore
1838 3014 1986 3061 suae
2029 2993 2477 3078 promotionis
2512 2991 2786 3072 occulte
2825 3000 3055 3075 porta-

1173 3101 1396 3175 verat,
1453 3095 1693 3161 habitu
1754 3094 2139 3162 canonicali
2201 3094 2728 3178 suppressisset,
2786 3111 3051 3156 carnem

1175 3200 1406 3260 tamen
1445 3195 1668 3261 cilicio
1699 3195 2009 3260 attritam
2044 3213 2203 3260 cum
2240 3192 2718 3259 foemoralibus
2747 3191 3053 3269 cilicinis,

1174 3295 1359 3378 quod
1411 3295 1637 3360 fuerat
1679 3314 1725 3359 a
1776 3294 2027 3361 seculis
2075 3292 2485 3371 inauditum,
2532 3311 2818 3359 carnem
2863 3310 3051 3356 cura-

1175 3402 1374 3460 verat
1403 3396 1764 3477 edomare;
1807 3401 1902 3473 et,
1933 3402 2013 3459 nt
2049 3393 2286 3478 aliqua
2316 3393 2618 3458 breviter
2639 3393 3050 3476 perstringa-

1175 3514 1329 3560 mus
1372 3514 1529 3579 quae
1573 3501 2013 3573 concurrunt,
2053 3493 2165 3558 die
2204 3493 2456 3559 Martis
2503 3492 3048 3575 archiepiscopus

1175 3593 1360 3679 apud
1411 3594 1481 3660 N
1485 3594 2035 3679 orthamptonam
2074 3613 2119 3659 a
2158 3594 2349 3659 curia
2386 3592 2571 3676 regis
2607 3593 2917 3669 recessit,
2946 3590 3049 3658 die

1177 3693 1430 3768 Martis
1474 3696 1760 3761 recessit
1792 3696 1879 3760 ab
1910 3692 2170 3776 Anglia
2211 3693 2496 3760 exilium
2535 3692 2905 3769 subiturus,
2937 3691 3046 3754 die

1178 3791 1429 3866 Martis
1472 3803 1818 3879 praecepto
1862 3792 2119 3858 domini
2161 3812 2362 3878 papae
2402 3800 2759 3858 revertens
2796 3792 2868 3856 in
2897 3787 3043 3856 An-

1177 3890 1387 3975 gliam
1431 3900 1539 3958 est
1576 3894 1934 3977 appulsus,
1975 3901 2047 3959 et
2088 3894 2196 3958 die
2231 3893 2482 3959 Martis
2519 3892 2854 3977 martyrio
2890 3910 3048 3956 con-

1176 3998 1581 4058 summatus.
1685 3993 2030 4077 Sequente
2066 4012 2232 4059 vero
2273 3992 2383 4058 die
2427 3993 2759 4058 Mercurii
2793 4010 3051 4056 summo

1174 4090 1476 4156 diluculo
1510 4111 1743 4162 rumor
1783 4093 2144 4173 increbuit,
2173 4094 2360 4175 quod
2392 4092 2669 4160 nefandi
2704 4091 3051 4157 carnifices

1172 4210 1422 4274 corpus
1467 4193 1961 4277 archiepiscopi
1996 4193 2395 4260 abstrahere
2435 4194 2525 4258 ab
2567 4192 2862 4258 ecclesia
2899 4211 3048 4256 con-

1227 4358 1442 4413 ¹Vulsuae
1461 4363 1686 4427 ret-epm]
1707 4363 1723 4391 ‘
1744 4364 1977 4415 Quatuor
1989 4379 2094 4412 om·
2209 4367 2231 4397 ²
2254 4364 2469 4424 Nefanda·
2502 4356 2745 4431 lictores]
2768 4363 2787 4391 ‘
2808 4362 3049 4410 liebertus

1177 4432 1297 4482 nino
1324 4434 1501 4483 habuit
1531 4435 1664 4482 ictus
1696 4439 1902 4483 sanctus
1933 4435 2095 4484 archi·
2138 4434 2203 4482 de
2221 4433 2353 4484 Broc
2366 4440 2417 4484 et
2432 4434 2514 4483 sui
2527 4432 3048 4494 complices,'1)ieeto;

1177 4504 1468 4567 episcopus,
1499 4517 1671 4553 omnes
1706 4503 1761 4553 in
1803 4505 2002 4567 capite3
2043 4510 2096 4553 et
2139 4503 2266 4554 from
2287 4505 2453 4555 whom
2473 4504 2559 4553 the
2581 4507 2799 4551 account
2817 4501 2876 4551 of
2894 4502 3050 4551 Beck·

1177 4588 1362 4623 corona
1399 4575 1582 4636 capitis
1612 4578 1717 4623 tota
1752 4575 1801 4624 ei
1832 4579 2093 4637 amputata
2138 4570 2230 4623 et's
2251 4575 2404 4626 death
2430 4576 2475 4625 is
2497 4573 2650 4624 taken
2679 4573 2862 4622 almost
2883 4575 3047 4622 verbs-

1177 4648 1256 4692 est
1271 4639 1302 4705 3’
1319 4639 1564 4707 Stephani
1583 4660 1636 4707 p.
1659 4648 1742 4695 87.
2139 4645 2245 4696 tim.
