3457 5887
805 1054 913 1094 Aa).
934 1054 1044 1095 1072.

806 1106 987 1155 Lesend·

803 1946 1004 1990 ene-tion
1022 1946 1069 1987 of

801 1998 1001 2046 preceden

799 2047 986 2086 between
1009 2052 1027 2086 t
1059 2059 1082 2088 ο

801 2107 893 2135 seen
910 2098 957 2136 or
968 2097 1073 2136 Can·

802 2147 972 2235 {5327
988 2148 1072 2187 ⁸¹¹⁶

796 4420 903 4460 ΔΛ).
926 4419 1034 4461 1078.

1129 862 1215 929 12
1626 876 1889 928 nocam
1937 877 2029 924 nn
2073 874 2480 927 wennovnn

1127 1041 1336 1113 runt;
1403 1039 1496 1109 et,
1554 1031 1660 1095 his
1718 1031 1942 1108 dictis,
1997 1030 2225 1114 imago
2276 1032 2581 1098 defuncti
2643 1032 2997 1115 disparuit.

1126 1131 1323 1195 Tunc
1356 1131 1620 1208 vivens,
1658 1131 1857 1195 bonis
1891 1131 2036 1193 suis
2070 1132 2381 1195 omnibus
2416 1151 2538 1214 per
2572 1133 2895 1196 ecclesias
2929 1142 2999 1197 et

1125 1250 1377 1312 egenos
1444 1230 1848 1307 distributis,
1908 1239 2220 1297 sanctum
2284 1231 2637 1295 Melanum
2699 1232 2867 1296 adiit
2928 1240 2998 1296 et

1125 1330 1431 1394 habitum
1465 1330 1796 1408 mutavit3
1844 1349 2078 1394 omnes
2124 1329 2478 1393 audientes
2521 1329 2893 1397 admonens
2927 1339 2997 1395 et

1123 1429 1433 1494 videntes
1481 1428 1564 1493 de
1608 1430 1837 1492 subita
1881 1429 2320 1493 conversione
2373 1447 2500 1492 sua
2550 1438 2629 1493 ut
2671 1430 2993 1506 dicerent,

1123 1534 1144 1563 ‘
1174 1527 1353 1593 Haec
1384 1535 1490 1593 est
1518 1528 1809 1592 mutatio
1839 1528 2142 1592 dexterae
2179 1527 2503 1593 Excelsi!

1183 1701 1283 1764 De
1314 1698 1701 1764 ventilatione
1734 1720 1928 1764 oausae
1955 1700 2114 1763 inter
2141 1698 2415 1763 ecclesiae
2448 1698 2946 1764 Oantwariensom

1789 1808 1847 1862 et
1872 1795 2326 1863 Eboraomm.

1221 1923 1476 1987 Eodem
1509 1942 1690 1986 anno
1714 1915 1733 1954 ¹
1749 1922 1931 2005 apud
1952 1916 2501 1987 windleshoram
2532 1940 2622 1985 ex
2651 1928 2993 2005 praecepto

1120 2022 1503 2087 Alexandri
1534 2041 1757 2105 papae,
1797 2042 1958 2104 rege
2000 2022 2209 2085 etiam
2240 2021 2587 2086 Willelmo
2630 2029 2992 2097 annuente,

1119 2123 1190 2186 in
1241 2122 1610 2205 praesentia
1656 2121 1956 2184 Huberti
2003 2120 2335 2185 Romanae
2398 2120 2701 2184 ecclesiae
2756 2119 2989 2202 legati,

1120 2222 1454 2285 ventilata
1496 2227 1603 2285 est
1645 2239 1853 2284 causa
1892 2220 1976 2283 de
2013 2220 2310 2302 primatu
2354 2220 2658 2283 ecclesiae
2689 2218 2989 2284 Cantua-

1120 2321 1361 2389 riensis
1405 2340 1611 2403 super
1647 2320 2003 2384 ecclesiam
2038 2319 2556 2384 Eboracensem.
2663 2318 2801 2382 Ubi
2833 2326 2987 2383 tan·

1119 2419 1271 2483 dem
1303 2421 1736 2502 antiquarum
1770 2418 2292 2483 auctoritatibus
2322 2419 2810 2499 scripturarum
2836 2437 2992 2500 pro-

1116 2519 1351 2583 batum
1396 2526 1501 2582 est
1539 2524 1609 2581 et
1653 2526 2026 2593 ostensum,
2061 2517 2244 2600 quod
2291 2517 2736 2580 Eboracensis
2779 2518 2988 2581 eccle-

1116 2618 1220 2681 sia
1252 2618 1495 2681 debeat
1526 2617 1878 2700 subjacere
1913 2616 2217 2680 ecclesiae
2243 2615 2744 2692 Cantuariensi,
2776 2624 2846 2680 et
2877 2617 2982 2698 ip-

1117 2716 1261 2779 sius
1310 2715 1824 2797 archiepiscopi,
1864 2721 1943 2778 ut
1985 2716 2295 2797 primatis
2344 2716 2558 2780 totius
2587 2716 2986 2793 Britanniae,

1118 2814 1671 2896 dispositionibus
1715 2814 1804 2876 in·
1831 2815 2141 2878 omnibus
2195 2834 2348 2896 quoe
2393 2816 2480 2879 ad
2530 2813 2983 2879 Christianam

1116 2914 1458 2997 pertinent
1506 2913 1902 2996 religionem
1943 2913 2230 2979 fideliter
2269 2913 2581 2993 obedire3
2637 2915 2740 2979 ita
2780 2914 2984 2996 quod,

1117 3015 1178 3078 si
1222 3014 1769 3097 archiepiscopus
1803 3013 2313 3078 Cantuariensis
2352 3013 2710 3077 concilium
2744 3033 2986 3097 cogere

1116 3114 1408 3179 voluerit
1448 3115 1832 3196 ubicunque
1875 3112 2005 3177 sibi
2046 3114 2214 3177 utile
2260 3113 2481 3178 visum
2524 3112 2752 3189 fuerit,
2808 3113 2987 3177 Ebo-

1117 3213 1415 3279 racensis
1446 3213 2018 3295 archiepiscopuS,
2050 3231 2205 3276 cum
2234 3212 2544 3277 omnibus
2572 3212 2715 3275 suis
2739 3213 2983 3276 suffra-

1116 3314 1353 3393 ganeis
1392 3320 1463 3376 et
1505 3311 1832 3394 subjectis
1864 3310 2149 3387 clericis,
2184 3313 2289 3374 sui
2322 3312 2757 3394 praesentiam
2787 3311 2981 3376 exhi·

1113 3412 1274 3475 beat
1333 3411 1617 3493 ejusque
1660 3409 2010 3473 canonicis
2055 3409 2610 3492 dispositionibus
2655 3412 2976 3476 obediens

1115 3510 1391 3573 existat.
1503 3509 2055 3572 Benedictionem
2114 3510 2320 3573 etiam
2382 3511 2833 3593 episcopalem
2893 3511 2979 3574 ab

1114 3609 1267 3691 ipso
1319 3609 1519 3672 debet
1574 3609 1904 3691 accipere,
1948 3615 2018 3671 et
2065 3608 2126 3671 ei
2173 3609 2566 3672 canonicam
2616 3609 2981 3691 professio-

1116 3727 1294 3784 nem,
1350 3707 1582 3771 addito
1624 3707 2041 3790 juramentO,
2083 3715 2432 3789 praestare.
2536 3706 2724 3772 Huic
2768 3709 2982 3790 igitur

1111 3807 1584 3871 constitutioni
1630 3814 2120 3894 consenserunt
2160 3825 2283 3870 rex
2327 3806 2655 3890 praefatus
2698 3815 2768 3871 et
2801 3808 2978 3871 Lan-

1110 3906 1387 3970 francus
1439 3905 1987 3988 archiepiscopus
2016 3904 2528 3970 cantuariensis
2573 3914 2644 3970 et
2676 3906 2976 3972 Thomas

1110 4005 1658 4089 archiepiscopus
1690 4005 2160 4082 EboracensiS‚
2194 4024 2344 4068 cum
2392 4005 2720 4088 praedicto
2762 4006 2976 4070 cardi-

1111 4106 1252 4170 nali
1286 4113 1354 4169 et
1385 4106 1695 4169 omnibus
1727 4105 2063 4187 episcopis
2092 4112 2161 4169 et
2194 4105 2554 4170 abbatibus
2585 4107 2800 4188 regni.

1263 4277 1439 4359 Quod
1461 4299 1567 4342 νοω
1608 4276 1947 4341 Willelmws
1980 4278 2445 4342 Oenomanniam
2472 4276 2834 4364 suby‘uyavit.

1207 4401 1412 4495 Anno
1448 4401 1724 4467 Domini
1760 4418 2088 4467 unxxm.
2120 4422 2243 4466 rex
2272 4402 2659 4467 Willelmus
2687 4403 2759 4465 in
2789 4401 2859 4466 N
2863 4422 2973 4467 or-

1181 4575 1364 4642 ¹Apud
1410 4576 1855 4640 Windledwmmq
1909 4576 2015 4626 The
2068 4579 2266 4640 printed
2300 4580 2352 4628 in
2373 4579 2612 4643 wilkins,
2636 4578 2829 4629 Concil.
2851 4578 2887 4627 i.
2921 4592 2974 4639 p.

1110 4648 1436 4711 proceedinge
1470 4647 1529 4695 os
1555 4646 1656 4695 this
1698 4648 1895 4696 council
1929 4662 2014 4697 are
2067 4652 2177 4698 824.
