3457 5887
912 862 1185 911 nonas
1232 861 1761 909 msronunma.
2144 847 2274 910 305

399 1017 515 1093 εἰς,
562 1017 703 1099 qui,
742 1023 1005 1081 tractus
1046 1020 1114 1081 in
1159 1038 1435 1083 causam
1481 1027 1764 1102 propter
1806 1018 2267 1098 homicidium,
2295 1039 2401 1079 an.
2426 1039 2537 1079 11⁶4.

398 1117 468 1179 in
499 1117 681 1197 regis
706 1116 1168 1200 justiciarium
1195 1120 1474 1182 verbum
1505 1119 1792 1201 protulit
1820 1120 2267 1184 contumelio-

399 1234 591 1296 sum;
643 1216 824 1298 quod
856 1236 1011 1279 cum
1044 1236 1296 1298 negare
1326 1238 1551 1281 coram
1586 1218 2096 1300 archiepiscopo
2129 1238 2265 1282 non

397 1322 653 1396 posset,
725 1315 1111 1397 praebendae
1169 1335 1315 1380 suae
1373 1316 1702 1391 beneficio
1763 1317 2095 1381 multatus
2159 1325 2265 1381 est

397 1422 466 1478 et
519 1434 643 1497 per
690 1414 1032 1478 biennium
1085 1435 1128 1477 a
1180 1434 1393 1497 regno
1447 1416 1738 1498 pulsus3
1801 1424 1869 1479 et
1919 1415 2028 1479 hic
2083 1435 2265 1480 nono

398 1514 546 1577 loco
589 1514 906 1595 apparuit
948 1515 1374 1596 perturbatio
1420 1516 1602 1597 regis
1646 1524 1887 1580 contra
1932 1514 2267 1598 archiepi-

397 1631 701 1695 scopum.

398 1786 694 1865 Quomodo
722 1785 926 1851 beatus
953 1787 1235 1863 Thomas,
1266 1788 1731 1851 Cammrionsis
1757 1788 2264 1872 archiepiscopus,

591 1908 635 1949 a
664 1886 1135 1971 Norhamptom
1166 1885 1511 1969 injuriatus
1537 1909 1579 1950 a
1612 1907 1745 1971 ναμε
1773 1887 2087 1950 recessent.

494 2007 761 2073 Videns
803 2007 1017 2089 igitur
1058 2007 1607 2121 archiepiscopus
1655 2008 2006 2073 libertates
2050 2010 2262 2074 eccle·
2288 2026 2470 2125 m

396 2107 520 2170 siae
562 2108 713 2191 jam
769 2106 1076 2171 funditus
1126 2107 1538 2189 exspirasse,
1582 2108 1799 2170 inscio
1854 2127 2038 2187 rege,
2084 2110 2263 2192 apud
2290 2126 2509 2215 {⁸333ss

403 2199 772 2270 Rumenel¹
823 2225 1064 2269 navem
1119 2205 1427 2269 ascendit
1475 2205 1767 2269 Romam
1817 2206 2267 2288 profecturus,
2292 2225 2543 2314 guarimp-

403 2305 551 2381 sed,
588 2313 792 2369 vento
837 2306 908 2369 in
949 2305 1362 2369 contrarium
1406 2304 1641 2382 flante,
1683 2303 1756 2367 in
1802 2304 2128 2385 Angliam
2166 2326 2271 2369 re-

392 2404 624 2488 jectus
658 2411 783 2481 est,
819 2424 908 2467 ex
952 2424 1088 2487 quo
1126 2405 1310 2468 facto
1347 2403 1499 2468 loco
1538 2402 1801 2468 decimo
1839 2404 2023 2486 regis
2066 2403 2272 2468 offen-

401 2522 546 2567 sam
591 2505 920 2582 incurrit3
975 2512 1393 2586 quapropter
1447 2503 1630 2567 illico
1675 2511 1939 2567 tractus
1983 2504 2055 2566 in
2107 2524 2269 2568 cau-

400 2622 571 2678 sam,
614 2596 697 2665 2.Ῐ
701 2602 969 2666 ohanne
1017 2604 1091 2666 M
1098 2602 1475 2666 areschallo
1524 2602 1670 2683 regi
1715 2602 2061 2667 deferente
2104 2623 2270 2686 que-

399 2702 608 2766 relam
644 2722 768 2784 pro
803 2695 1143 2766 ³manerio
1182 2701 1499 2784 quodam,
1534 2701 1715 2783 quod
1751 2721 1794 2764 a
1827 2702 2058 2765 multis
2095 2711 2264 2766 tem·

402 2802 701 2884 poribus,
749 2808 826 2865 ut
861 2802 1233 2878 dicebatur,
1278 2801 1828 2882 archiepiscopus
1865 2800 2261 2865 inconcusse

400 2901 820 2985 possederat,
855 2900 1128 2966 tandem
1171 2906 1329 2985 post
1370 2919 1616 2983 graves
1649 2900 2056 2965 vexationes
2103 2919 2264 2965 con-

404 3002 683 3065 trariam
726 3002 1104 3083 reportavit
1142 3001 1547 3064 sententiam
1592 3008 1661 3063 et
1700 3001 1847 3082 regi
1880 3000 2267 3084 judicatum

403 3100 580 3165 solvi
626 3098 1032 3164 sufficienter
1062 3101 1269 3176 cavit,
1301 3099 1537 3163 habita
1575 3100 1932 3163 taxatione
1965 3100 2037 3163 in
2076 3099 2266 3182 quin-

404 3200 631 3282 gentis
664 3198 855 3263 libris
882 3220 898 3280 ;
935 3206 1007 3264 et
1044 3197 1155 3262 hic
1184 3198 1336 3263 loco
1365 3198 1718 3262 undecimo
1757 3199 2080 3281 apparuit
2112 3220 2264 3281 per-

405 3298 707 3363 turbatio
755 3300 935 3380 regis
997 3298 1325 3362 adversus
1386 3296 1968 3379 archiepiscopum
2027 3318 2267 3379 puram

403 3396 889 3462 conscientiam
930 3397 1310 3461 habentem.
1415 3395 1595 3460 Item
1631 3388 1853 3478 ⁴apud
1894 3396 2266 3460 Northam-

403 3504 638 3560 tonam
694 3504 953 3561 tractus
1006 3495 1078 3558 in
1131 3515 1408 3559 causam
1461 3514 1666 3577 super
1709 3502 1896 3572 actu,
1949 3515 2149 3578 quem
2197 3497 2266 3559 in

400 3595 810 3660 cancellaria
877 3603 1135 3677 egerat,
1199 3595 1633 3678 praesentiam
1699 3613 1893 3657 suam
1957 3593 2265 3659 exhibuit

404 3696 607 3759 tertio
646 3695 800 3759 idus
846 3696 1189 3772 Octobris,
1218 3702 1288 3758 et
1325 3693 1643 3777 quoniam
1689 3693 2151 3757 castellaniam
2180 3694 2263 3757 de

403 3795 555 3877 Eya
601 3803 670 3859 et
717 3794 801 3858 de
842 3793 1409 3859 Berchamestede
1468 3792 1774 3875 pluribus
1818 3793 2012 3855 annis
2056 3792 2263 3856 libere

401 3894 839 3976 possedisset,
883 3895 1171 3958 multum
1215 3899 1744 3958 consentaneum
1787 3891 2036 3955 rationi
2077 3892 2265 3956 vide-

401 3993 629 4070 batur,
686 4001 763 4057 ut
817 4013 860 4057 a
915 3994 1139 4076 capite
1194 3993 1522 4074 incipiens
1581 3998 2054 4073 perceptorum
2112 3991 2265 4054 red-

401 4092 592 4156 deret
652 4092 1029 4173 rationem;
1096 4092 1213 4155 sed
1273 4092 1595 4174 quoniam
1639 4098 1798 4153 ante
1854 4091 2267 4154 consecrati-

471 4272 489 4306 ¹
514 4277 788 4340 Ramnes-eh]
821 4277 1063 4338 Romney,
1085 4277 1137 4324 in
1160 4276 1311 4324 Kent.
1359 4270 1507 4334 ham}
1531 4267 1772 4336 stephan.
1807 4274 2055 4336 Pagham,
2075 4275 2128 4322 in
2150 4275 2273 4322 Sus-

473 4342 495 4374 2
516 4347 829 4410 domam]
874 4347 1091 4396 marshal
1134 4345 1192 4394 of
1228 4345 1311 4393 the
1359 4349 1485 4393 sex?

401 4415 687 4476 exchequer
710 4432 724 4475 ;
775 4416 986 4477 Tyn-eli.
1069 4415 1175 4463 The
1219 4415 1311 4463 cir·
1429 4411 1607 4476 ⁴Apud
1632 4412 2044 4461 Northanttonam.
2069 4411 2092 4474 ]
2128 4411 2275 4459 com·

402 4493 717 4533 cumstances
739 4500 822 4533 are
843 4485 1062 4534 detailed
1079 4489 1132 4533 at
1143 4484 1310 4546 length
1360 4496 1480 4543 pare
1504 4483 1801 4543 Quadrilog.
1824 4497 1875 4542 p.
1899 4485 1982 4541 46,
2003 4495 2129 4541 seqq.
2167 4479 2274 4527 The

401 4553 474 4614 by
498 4554 864 4615 Fitz-Stephen,
884 4570 936 4617 p.
963 4559 1045 4615 86,
1065 4569 1192 4617 seqq.
1361 4556 1572 4600 account
1588 4552 1639 4599 in
1654 4551 1737 4601 the
1754 4551 1920 4599 textis
1935 4549 2057 4597 from
2077 4549 2277 4608 Diceto,

477 4619 727 4671 ’Manet-io
739 4619 979 4693 quodam]
1004 4626 1020 4653 ‘
1038 4625 1117 4673 De
1144 4625 1314 4685 Paga·
1336 4655 1343 4694 ³
1362 4622 1457 4671 col.
1480 4625 1593 4669 538.

506 4714 664 4761 VOL.
696 4715 771 4762 11.
854 4715 855 4718 ’
1928 4708 1979 4754 Χ
