3457 5887
879 817 1153 867 smnus
1198 817 1724 866 msronmsuu.
2107 802 2237 868 209

362 990 598 1036 corum
649 974 871 1057 perito
919 976 1251 1058 originem
1296 983 1366 1040 et
1412 994 1812 1058 procursum
1857 975 2040 1058 regis
2091 975 2228 1041 Lo-
2256 991 2363 1032 M>-
2385 993 2495 1032 ¹1²⁸·

358 1071 605 1137 dowici
656 1082 1017 1156 quaereret,
1055 1074 1430 1158 respondit,
1469 1080 1489 1108 ‘
1511 1073 1784 1156 Regum
1824 1076 2223 1158 potentissi-

357 1170 515 1248 me,’
534 1172 873 1254 inquienS,
905 1180 925 1208 ‘
953 1175 1130 1239 sicut
1153 1173 1495 1257 pleraeque
1516 1181 1758 1256 gentes
1781 1173 2102 1256 Europae,
2120 1176 2222 1240 ita

362 1269 638 1349 Franci,
666 1291 710 1335 a
730 1272 1050 1357 Trojanis
1084 1273 1416 1354 originem
1446 1272 1792 1337 duxerunt
1816 1272 1859 1353 ς’
1894 1279 1966 1338 et
1991 1292 2147 1337 cum
2176 1293 2221 1338 a

357 1371 631 1450 gemino
663 1391 795 1436 ovo
827 1391 1093 1437 omnem
1136 1391 1371 1454 regum
1406 1370 1716 1437 Franciae
1749 1373 2220 1455 genealogiam

356 1469 658 1534 texendo
687 1470 1108 1554 replicasset,
1130 1471 1220 1535 ad
1260 1470 1573 1534 ultimum
1602 1472 1989 1555 subjunxit,
2015 1478 2035 1506 ‘
2053 1471 2220 1535 Phi-

349 1565 606 1650 lippus,
657 1589 782 1633 rex
830 1570 1274 1647 Francorum,
1324 1570 1563 1652 genuit
1607 1569 2047 1636 Lodowicum
2094 1572 2213 1654 qui

348 1674 599 1749 regnat
636 1667 710 1731 in
745 1670 1089 1752 praesenti,
1133 1670 1275 1752 qui,
1310 1669 1370 1732 si
1409 1670 1773 1752 probitatis
1820 1677 2215 1734 antecesso-

345 1785 501 1829 rum
538 1787 817 1832 suorum
844 1769 1141 1849 vestigia
1174 1774 1459 1845 teneret,
1505 1776 1649 1834 tam
1678 1786 1916 1833 secure
1953 1769 2027 1832 in
2058 1789 2213 1851 reg-

344 1884 443 1929 no
486 1866 636 1950 ejus
686 1887 823 1931 non
867 1868 1252 1949 quiesceres
1273 1866 1312 1948 ς’
1371 1874 1533 1931 tunc
1575 1887 1697 1931 rex
1743 1867 2100 1932 subridens
2139 1868 2211 1932 in

343 1962 851 2030 Normanniam
898 1967 1249 2030 remeavit.
1350 1964 1654 2031 Advenit
1694 1974 1925 2031 autem
1974 1968 2210 2032 eodem

341 2070 660 2146 tempore
689 2084 734 2128 a
766 2065 1076 2147 partibus
1114 2064 1504 2129 Germaniae
1546 2065 1690 2129 dux
1720 2064 1995 2148 quidam
2026 2065 2209 2131 The-

344 2161 695 2241 udoricus,
734 2182 893 2245 rege
946 2163 1248 2229 Henrico
1296 2172 1730 2248 procurante,
1771 2164 2108 2229 hostiliter
2141 2167 2212 2229 iu

351 2260 773 2339 Flandriam,
802 2263 1129 2345 quosdam
1150 2283 1464 2345 proceres
1497 2262 1955 2328 Flandrenses
1984 2283 2212 2328 secum

345 2360 670 2441 trahens3
712 2362 833 2426 sed
861 2381 1085 2428 comes
1112 2362 1500 2427 Willelmus
1539 2363 1811 2428 obviam
1843 2363 2034 2427 venit
2063 2382 2214 2426 cum

346 2461 586 2541 paucis
612 2461 998 2542 agminibus
1025 2462 1379 2526 ordinatis.
1447 2461 1842 2544 Pugnatum
1866 2468 1972 2525 est
1997 2461 2218 2526 utrin-

346 2578 482 2640 que
534 2559 846 2638 viriliter,
901 2561 1019 2625 sed
1068 2561 1308 2626 consul
1362 2561 1804 2625 Flandrensis
1859 2580 2210 2625 numerum

339 2677 643 2736 suorum,
686 2679 843 2724 cum
893 2662 1096 2742 pauci
1139 2668 1393 2738 essent,
1446 2660 1824 2725 invincibili
1870 2661 2211 2742 probitate

340 2758 707 2841 supplebat
731 2778 750 2838 3
799 2767 1119 2824 cruentus
1149 2759 1327 2823 enim
1355 2760 1427 2823 in
1456 2759 1665 2823 armis
1692 2778 1855 2823 ense
1885 2758 2206 2824 fulmineo

340 2875 596 2921 cuneos
643 2857 940 2921 hostium
1001 2858 1325 2936 findebat,
1375 2878 1502 2922 nec
1555 2864 1928 2941 potuerunt
1975 2858 2206 2923 hostes

337 2955 643 3038 perferre
696 2958 993 3023 terribile
1050 2958 1317 3042 pondus
1373 2958 1633 3023 brachii
1675 2958 1977 3041 juvenis,
2021 2957 2206 3041 fugae

337 3054 558 3120 dediti
594 3063 664 3120 et
693 3054 1102 3141 horribiliter
1134 3057 1468 3140 dissipati.
1531 3056 1964 3122 Victor-iosus
1992 3057 2207 3139 igitur

332 3174 573 3219 comes
635 3154 1044 3233 willelmus,
1109 3156 1272 3220 dum
1332 3163 1632 3221 castrum
1678 3149 1902 3238 ¹Augi
1966 3163 2207 3221 contra

330 3273 574 3335 regem
610 3254 987 3320 Henricum
1024 3256 1402 3321 obsedisset
1440 3260 1512 3319 et
1553 3255 1627 3318 in
1662 3255 1966 3320 crastino
2013 3255 2201 3319 reddi

329 3352 709 3431 debuisset,
753 3353 1063 3420 hostibus
1103 3355 1252 3438 jam
1295 3373 1492 3437 paene
1530 3348 1946 3437 subjugatis,
1982 3373 2200 3436 parvo

326 3452 618 3517 vulnere
677 3453 857 3517 idem
916 3455 1192 3538 juvenis
1250 3454 1324 3518 in
1382 3472 1590 3517 manu
1645 3453 1785 3518 telo
1839 3470 2199 3534 percussus

327 3552 621 3631 interiit,
677 3553 799 3617 sed
855 3560 1085 3618 tamen
1149 3561 1460 3617 mortuus
1518 3552 1770 3616 famam
1826 3552 2198 3634 promeruit

325 3659 684 3716 aeternam.
789 3651 1045 3716 Eodem
1101 3672 1280 3716 anno
1338 3646 1719 3715 'Rauulfus
1783 3650 2199 3714 Dunelmen-

324 3751 422 3814 sis
455 3760 532 3816 et
562 3750 951 3816 Willelmus
982 3750 1481 3816 wintoniensis
1526 3750 1826 3832 episcopi
1858 3750 2197 3826 obierunt,

325 3856 397 3913 et
443 3851 778 3934 magister
819 3845 1068 3933 ⁸I-Iugo
1119 3849 1203 3914 de
1249 3850 1503 3914 Sancto
1548 3847 1835 3914 Victore
1875 3849 2201 3914 chronica

325 3969 456 4015 sua
490 3949 622 4016 huc
649 3970 865 4034 usque
896 3950 1204 4032 digessit.

393 4131 412 4164 ¹
434 4133 625 4197 1⁸83ss
646 4134 824 4184 orEu.
878 4134 1100 4183 william
1121 4133 1240 4183 died
1291 4132 1371 4181 his
1402 4132 1552 4181 death
1586 4131 1670 4180 the
1705 4145 1790 4179 see
1832 4129 2083 4180 remained
2116 4145 2202 4180 va·

321 4202 382 4252 of
406 4218 440 4253 a
473 4204 664 4253 wound
700 4204 929 4253 received
964 4204 1016 4252 iu
1038 4204 1154 4253 Alst
1185 4217 1243 4251 or
1291 4204 1408 4251 cent
1426 4202 1520 4250 five
1542 4213 1719 4262 years3
1753 4200 1961 4261 Turgot.

320 4274 497 4334 Alost,
529 4273 764 4335 besieged
797 4274 865 4335 by
898 4273 982 4322 the
1016 4273 1154 4322 duke
1191 4271 1248 4321 οἱ
1359 4268 1551 4332 'Hugo
1573 4272 1631 4318 de
1653 4269 1830 4318 Sancto
1860 4268 2093 4331 Victore]
2117 4267 2199 4316 He

322 4342 582 4403 Βουναία,
622 4342 708 4392 the
753 4343 870 4392 l2th
905 4342 1049 4406 July.
1120 4343 1245 4391 Rec.
1292 4340 1412 4389 died
1452 4341 1505 4389 in
1546 4342 1672 4388 114⁰
1705 4352 1764 4386 or
1798 4341 1944 4398 1142,
1977 4337 2201 4397 scarcely

321 4412 416 4461 des
438 4411 588 4462 mat.
606 4413 716 4462 xiii.
737 4427 789 4474 p.
814 4415 926 4462 ³9⁰.
1294 4409 1563 4470 forty-sour
1592 4421 1743 4470 years
1779 4408 1838 4457 of
1868 4421 1963 4469 age
1977 4421 1995 4469 3
2070 4406 2201 4467 Pagi

389 4479 414 4512 ²
432 4482 677 4541 Rannzfus
704 4481 1081 4544 Dasmenda]
1097 4481 1249 4542 Upon
1297 4480 1363 4529 ad
1384 4494 1466 4533 an.
1489 4482 1636 4539 1140,
1656 4477 1684 4540 ς
1706 4477 1777 4526 ix.

436 4620 596 4667 voh.
629 4621 701 4666 n.
1875 4614 1912 4661 P
