3457 5887
1005 854 1280 905 nones
1325 855 1864 906 msronuatm.
2234 840 2363 905 413

482 1039 636 1085 cum
685 1017 962 1101 regibus
1007 1014 1295 1099 triginta
1345 1023 1651 1099 septem;
1715 1015 1836 1098 qui
1886 1014 2197 1098 inprimis
2241 1016 2363 1079 ob·
2387 1027 2499 1070 Ad)-
2520 1028 2634 1067 ¹¹⁸⁴·

483 1120 806 1184 sederunt
856 1123 1171 1181 sanctum
1235 1114 1663 1193 Hirenaeum,
1726 1123 1798 1180 et
1849 1116 2067 1179 tribus
2124 1115 2363 1179 diebus

483 1239 639 1282 cum
686 1216 967 1283 totidem
1022 1214 1339 1280 noctibus
1391 1222 1901 1297 pugnaverunt,
1940 1223 2010 1280 et
2062 1214 2361 1293 tandem,

484 1317 769 1402 dejectis
801 1315 1096 1393 moeniis,
1126 1315 1602 1395 intraverunt3
1658 1314 1778 1397 qui
1809 1322 2043 1379 autem
2075 1315 2363 1379 interius

485 1435 717 1480 muros
777 1415 1232 1481 defendebant
1292 1432 1366 1477 se
1419 1414 1605 1478 intra
1652 1413 1895 1478 turrim
1940 1421 2361 1497 receperunt,

487 1523 566 1580 ut
619 1521 1141 1599 protegerentur
1195 1511 1471 1578 ibidem.
1574 1512 1803 1578 Nocte
1840 1532 2005 1577 vero
2048 1516 2362 1596 sequenti

486 1615 674 1680 venit
724 1615 1011 1679 antistes
1069 1611 1590 1694 Portugalensis
1639 1632 1794 1678 cum
1845 1612 1987 1677 filio
2034 1613 2242 1694 regis,
2295 1621 2365 1677 et
2426 1696 2432 1701 ἢ

488 1713 873 1798 quindecim
906 1713 1122 1777 millia
1155 1719 1591 1796 peremerunt
1622 1712 2120 1776 Saracenorum
2158 1719 2228 1776 et
2259 1731 2365 1775 re-

489 1834 640 1897 gem
697 1813 1042 1890 Gamium,
1107 1819 1178 1877 et
1235 1819 1611 1895 posuerunt
1673 1830 1964 1894 corpora
2012 1811 2366 1875 defuncto-

489 1932 641 1977 rum
702 1913 822 1976 ubi
879 1930 1113 1976 murus
1180 1910 1486 1996 dejectus
1545 1918 1719 1988 erat,
1777 1917 1857 1975 ut
1903 1929 2025 1992 per
2074 1930 2158 1975 ea
2210 1911 2363 1975 loco

490 2012 667 2075 muri
701 2010 1247 2076 defenderentur.
1341 2009 1428 2073 In
1467 2010 1766 2075 crastino
1811 2015 2065 2087 autem,
2107 2011 2179 2072 in
2219 2002 2363 2074 ¹die

491 2111 750 2175 scilicet
794 2116 1187 2174 sanctorum
1238 2108 1285 2173 J
1290 2107 1580 2173 ohannis
1630 2117 1701 2174 et
1754 2107 1981 2185 Pauli,
2026 2108 2359 2191 archiepi-

492 2228 738 2293 scopus
782 2210 1005 2273 sancti
1037 2207 1084 2272 J
1090 2209 1287 2273 acobi
1328 2208 1575 2291 viginti
1620 2207 1836 2271 millia
1878 2206 2210 2271 conduxit
2253 2226 2363 2271 ar-

491 2316 855 2386 matorum,
905 2315 975 2372 et
1018 2308 1088 2372 in
1139 2327 1389 2372 aurora
1434 2306 1569 2372 diei
1618 2306 1703 2370 de
1734 2306 2095 2371 Saracenis
2126 2306 2363 2388 trigin-

492 2415 567 2471 ta
615 2408 831 2472 millia
882 2407 1245 2473 interfecit.
1326 2406 1413 2471 In
1451 2406 1561 2471 die
1614 2413 1858 2490 postea
1904 2407 2124 2470 beatae
2171 2405 2362 2470 Mar-

489 2514 747 2589 garetae
797 2507 983 2591 apud
1030 2506 1337 2573 Alcubaz
1401 2513 1830 2589 peremerunt
1882 2505 2205 2571 Saraceni
2249 2505 2365 2571 de-

490 2625 636 2670 cem
680 2606 896 2669 millia
941 2606 1293 2671 mulierum
1356 2613 1426 2670 et
1462 2604 1844 2684 infantum3
1899 2605 2018 2669 sed
2070 2605 2195 2685 illi,
2244 2607 2362 2689 qui

490 2705 766 2770 fuerunt
805 2705 878 2768 in
924 2705 1178 2790 oppido
1221 2704 1555 2783 Alcubaz,
1606 2711 1935 2769 exeuntes
1987 2711 2127 2769 tres
2165 2725 2363 2788 reges

489 2824 644 2869 cum
679 2805 866 2869 omni
893 2824 1127 2870 eorum
1157 2806 1463 2869 exercitu
1507 2811 2012 2887 percusserunt.
2085 2803 2362 2883 Postea,

490 2905 562 2969 in
622 2905 862 2988 vigilia
918 2906 1104 2970 beati
1155 2904 1202 2970 J
1208 2904 1429 2983 acobi‚
1483 2923 1606 2969 rex
1653 2903 2052 2969 Macemunt
2105 2906 2369 2971 audivit

492 3005 675 3087 quod
728 3024 853 3068 rex
898 3003 1214 3070 Galliciae
1261 3010 1565 3081 venerat,
1624 3012 1705 3068 ut
1766 3004 1954 3068 solus
2002 3023 2167 3067 ‘cum
2218 3006 2366 3070 solo

489 3103 885 3183 dimicaret3
973 3104 1395 3181 Macemunt,
1457 3123 1612 3168 cum
1671 3111 2093 3187 praepararet
2146 3124 2220 3168 se
2276 3104 2364 3168 ad

491 3222 820 3287 pugnam,
855 3202 1016 3266 dum
1050 3224 1300 3287 equum
1329 3203 1537 3268 vellet
1569 3202 1959 3280 ascendere,
2003 3209 2110 3267 ter
2150 3205 2238 3267 ab
2283 3223 2364 3267 eo

489 3303 728 3386 lapsus
776 3303 1074 3384 interiit;
1140 3323 1278 3386 quo
1320 3309 1613 3381 mortuo,
1672 3309 1862 3367 totus
1909 3302 2060 3386 ejus
2103 3303 2364 3367 exerci-

493 3408 607 3466 tus
640 3402 841 3484 fugit,
870 3403 1057 3467 omni
1101 3402 1394 3486 pecunia
1434 3402 1696 3467 relicta.
1801 3401 1961 3466 Rex
1998 3422 2160 3466 vero
2196 3401 2367 3466 Por-

494 3501 869 3583 tugalensis
934 3521 1022 3566 ex
1085 3502 1376 3585 captivis
1436 3500 1797 3567 Saracenis
1861 3501 2047 3567 dedit
2106 3521 2365 3579 servos,

492 3600 609 3681 qui
658 3601 1087 3665 cementariis
1144 3602 1608 3667 ministrarent
1661 3601 1751 3665 ad
1800 3602 2125 3667 ecclesias
2167 3621 2366 3685 repa-

492 3698 766 3776 randas,
811 3707 882 3764 et
923 3699 1008 3764 de
1064 3702 1358 3784 pecunia
1400 3709 1640 3766 sancto
1673 3701 2045 3766 Vincentio
2088 3721 2365 3766 auream

489 3797 651 3862 fecit
708 3798 998 3864 thecam.
1102 3799 1459 3864 Venerunt
1503 3801 1939 3884 postmodum
1980 3801 2223 3883 galeiae
2264 3801 2368 3865 in-

489 3895 701 3961 finitae
744 3896 1240 3963 Saracenorum
1291 3898 1473 3981 apud
1512 3900 1995 3977 Ulixebonam,
2039 3900 2364 3965 ducentes

490 3995 963 4075 dromundum,
1024 3997 1096 4060 in
1162 4016 1299 4079 quo
1350 3998 1512 4062 talis
1569 4007 1718 4064 erat
1781 3999 2118 4078 machina,
2180 4000 2363 4082 quod

490 4115 614 4178 per
657 4094 879 4178 ipsam
922 4096 1245 4160 Saraceni
1289 4105 1610 4179 poterant
1650 4099 1750 4162 ire
1794 4106 1865 4162 et
1912 4100 2129 4164 redire
2181 4099 2367 4164 ultra

492 4214 720 4258 muros
753 4195 1055 4261 civitatis
1087 4196 1372 4278 armati3
1416 4196 1564 4276 sed,
1588 4197 1741 4262 Deo
1770 4196 2193 4281 disponente,
2215 4198 2368 4281 qui-

492 4293 649 4357 dam
680 4295 751 4358 in
780 4313 965 4378 aqua
993 4316 1068 4359 se
1095 4289 1508 4360 'dromundo
1542 4298 1929 4380 supposuit,
1968 4304 2060 4374 et,
2096 4316 2178 4360 eo
2209 4316 2363 4379 per-

493 4393 742 4472 forato,
795 4395 1182 4460 submersit.
1305 4393 1629 4458 Saraceni
1679 4402 1907 4459 autem
1962 4414 2037 4458 se
2089 4394 2364 4459 delusos

563 4555 693 4610 ¹Die
717 4560 901 4610 scilicet
927 4565 1196 4611 eandm
1222 4561 1407 4609 John·
1528 4560 1549 4588 ²
1572 4561 1910 4625 Druantiam]
1959 4563 2046 4611 Du
2088 4560 2263 4625 Gange
2301 4566 2369 4614 ad

492 4629 572 4679 nis
586 4635 634 4680 et
657 4630 849 4694 Pauli]
880 4631 987 4680 The
1009 4631 1128 4681 mh
1150 4631 1302 4681 June.
1458 4644 1555 4679 voc.
1577 4631 1884 4680 ‘Dromones
1900 4626 1930 4692 ς’
1966 4632 2212 4695 Neubrig.
2234 4638 2348 4685 68⁷.
