3457 5887
1253 725 1383 790 350
1762 746 2029 797 noenu
2076 750 2170 797 on
2215 750 2627 803 wmmovsn

935 909 1064 998 &1¹33
1066 911 1181 999 {¹⁷2
1256 898 1376 962 sed
1416 898 1525 964 die
1563 902 1792 981 tertio,
1821 923 1975 969 cum
2008 905 2230 970 adhuc
2263 917 2448 973 esset
2478 910 2548 973 in
2577 910 2942 995 lachrymis
2967 924 3133 982 ante

933 1010 973 1049 a
992 1010 1158 1051 oodric-
1256 999 1474 1063 altare
1508 1005 1982 1084 procumbens,
2011 1005 2186 1070 vidit
2216 1009 2513 1090 puellam
2560 1011 2646 1074 ad
2691 1011 2907 1077 altare
2938 1018 3133 1080 veni—

1254 1105 1505 1177 entem,
1555 1109 1648 1179 et,
1678 1105 1946 1168 vocatis
2001 1124 2157 1170 cum
2216 1106 2656 1174 festinatione
2712 1116 3133 1195 parentibuS,

1252 1198 1545 1263 reddidit
1587 1200 1689 1265 eis
1741 1204 2040 1286 puellam
2086 1206 2515 1287 incolumem,
2548 1211 2953 1293 jurantibus
2999 1215 3132 1279 illis

1249 1299 1463 1379 priuS,
1496 1301 1683 1381 quod
1716 1312 2051 1368 secretum
2089 1305 2243 1384 hoc,
2279 1307 2439 1371 dum
2468 1308 2817 1376 Godricus
2851 1315 3130 1394 viveret,

1250 1396 1501 1461 nemini
1532 1401 1940 1469 revelarent.
1987 1403 2150 1469 Alio
2181 1425 2456 1491 quoque
2484 1417 2795 1494 tempore
2826 1414 2976 1477 viro
3000 1413 3129 1480 Dei

1248 1514 1533 1579 puerum
1591 1509 1936 1567 mortuum
2006 1523 2050 1568 a
2113 1507 2512 1590 parentibus
2575 1510 2759 1575 clam
2826 1513 3130 1579 oblatum

1238 1595 1451 1679 jussit
1512 1618 1719 1683 super
1779 1603 2000 1668 altare
2058 1604 2132 1668 in
2193 1608 2494 1673 oratorio
2548 1611 2774 1676 beatae
2836 1614 3121 1696 virginis

1244 1713 1522 1828 ponere,
1567 1706 1638 1764 et
1678 1711 1999 1783 parentes
2049 1707 2412 1771 consolans
2456 1708 2954 1795 lachrymantes
2992 1716 3119 1794 ait,

1244 1794 1409 1860 ‘Ne
1441 1800 1744 1881 putetis,
1775 1802 2077 1884 inquit,‘
2106 1824 2389 1887 puerum
2421 1828 2574 1872 esse
2602 1819 2960 1889 mortuum,
2989 1815 3113 1879 sed

1243 1913 1508 1960 mecum
1539 1897 1741 1963 flexis
1773 1903 2060 1984 genibus
2091 1904 2392 1969 divinam
2423 1928 2549 1991 pro
2584 1930 2797 1993 puero
2827 1912 3117 1977 clemen-

1242 1994 1411 2058 tiam
1445 2000 1778 2065 exorate!
1880 2001 2210 2070 Oratione
2251 2006 2465 2087 igitur
2522 2011 2891 2093 completa,
2943 2034 3113 2095 prae·

1241 2095 1426 2177 cepit
1469 2103 1549 2160 ut
1604 2118 1761 2163 eum
1820 2101 2139 2168 tollerent
2193 2104 2279 2168 de
2328 2106 2554 2186 altari,
2603 2116 2676 2173 et
2725 2112 3116 2178 accedentes

1238 2193 1588 2260 viventem
1644 2200 1995 2282 reperiunt
2057 2211 2127 2269 et
2171 2203 2550 2287 ridentem3
2618 2230 2930 2294 moxque
2972 2214 3115 2278 illos

1239 2296 1688 2362 sacramentis
1716 2301 2152 2381 constrinxit,
2185 2324 2272 2368 ne
2303 2304 2433 2371 hoc
2469 2328 2642 2391 opus
2685 2318 2854 2374 ante
2903 2313 3115 2395 ipsius

1239 2392 1498 2458 obitum
1528 2397 1993 2481 propalarent.

1423 2568 1707 2647 Quamer
1733 2573 2021 2638 monacho
2051 2577 2245 2640 vitam
2274 2580 2405 2663 qius
2427 2581 2665 2648 seribere
2690 2584 2915 2649 volenti

1979 2677 2362 2759 responderit.

1331 2786 1602 2856 Habuit
1654 2802 1884 2858 autem
1941 2798 2047 2861 vir
2091 2810 2374 2867 sanctus
2425 2806 2790 2871 monachos
2840 2809 3105 2875 Dunel-

1230 2906 1497 2955 menses
1525 2892 1726 2958 valde
1759 2894 2154 2979 familiares,
2188 2902 2308 2967 sed
2346 2910 2578 2970 tamen
2607 2907 2789 2972 inter
2819 2917 3102 2977 caeteros

1230 2990 1635 3056 monachum
1681 2997 2020 3077 quendam
2068 3003 2339 3068 nomine
2376 2998 2509 3069 ¹N.
2548 3009 2920 3089 specialius
2962 3011 3105 3075 dili-

1228 3090 1461 3169 gebat.
1562 3091 1704 3156 Hic
1749 3103 2006 3176 autem,
2041 3119 2199 3165 cum
2248 3122 2293 3166 a
2329 3105 2565 3171 multis
2620 3117 2914 3190 rogatus
2951 3111 3100 3175 fnis-

1226 3196 1359 3265 set,
1400 3196 1479 3255 ut
1504 3191 1718 3257 vitam
1763 3202 1834 3259 et
1872 3196 2164 3265 virtutes
2210 3204 2433 3268 sancti
2475 3204 2765 3273 Godrici
2809 3214 3096 3292 posteris

1225 3288 1621 3368 profuturas
1675 3292 1892 3358 literis
1942 3303 2468 3382 commendaret,
2510 3306 2661 3388 ipse
2702 3328 2834 3391 pro
2878 3330 3094 3375 rerum

1225 3388 1516 3454 veritate
1577 3393 1828 3458 certius
1894 3395 2302 3480 inquirenda
2374 3408 2668 3471 accessit
2723 3409 2815 3472 ad
2879 3411 3090 3475 virum

1206 4183 1425 4263 primo
1488 4157 1785 4255 rusticus
1843 4194 2143 4277 pinguis,
2212 4199 2608 4282 fornicator,
2667 4207 3071 4285 immundus,

1218 4314 3053 4356 ψ--ξ--ῌ-ᾐ-ῂ--ψ

1271 4387 1289 4420 ¹
1313 4393 1411 4456 N.]
1444 4395 1782 4461 Probablyan
1802 4417 1936 4452 error
1954 4405 2013 4455 of
2025 4406 2110 4457 the
2164 4409 2409 4461 collected
2451 4414 2535 4463 the
2579 4419 2838 4467 material:
2882 4419 2958 4468 sor
2996 4420 3071 4469 his

1196 4462 1498 4513 transcribet
1525 4465 1637 4516 for‘
1656 4465 1736 4519 R?
1760 4486 1819 4520 or
1841 4474 2266 4538 Reginald,1ise.
2337 4483 2433 4532 See
2471 4485 2733 4549 prologue,
2759 4489 2812 4536 in
2838 4489 2956 4540 Act.
2982 4491 3071 4539 SS-

1192 4528 1318 4579 from
1339 4533 1502 4583 whom
1535 4537 1836 4603 principally
1869 4543 2107 4608 Geofl'rey
2159 4564 2211 4609 p.
2231 4553 2312 4599 70.
