3457 5887
966 759 1237 808 nones
1285 760 1813 810 ms‘ronmnum.
2232 751 2316 814 17

382 942 387 945 ·
446 914 557 978 liae
594 934 769 997 equo
806 917 1042 999 pulsus
1087 924 1216 995 est,
1248 925 1317 981 et
1350 917 1737 982 willelmus
1769 918 1949 982 filius
1980 921 2129 1004 ejus
2162 922 2311 985 vul·
2334 957 2442 998 Μ),
2467 959 2574 998 1075.

445 1022 745 1091 neratuS,
778 1022 848 1079 et
889 1016 1085 1079 multi
1120 1016 1203 1080 de
1237 1035 1364 1080 sua
1395 1017 1653 1081 familia
1694 1017 2031 1082 interfecti
2062 1041 2079 1097 ;
2133 1040 2304 1102 qua-

444 1120 721 1196 propter
779 1135 903 1178 rex
957 1115 1311 1179 maledixit
1361 1115 1665 1180 Roberto
1716 1116 1856 1181 filio
1898 1137 2046 1194 suc,
2096 1138 2302 1200 quam

441 1212 1006 1291 maledictionem,
1072 1221 1435 1296 antequam
1504 1215 1744 1292 obiret,
1811 1223 2134 1299 expertus
2197 1226 2302 1282 est

440 1310 804 1376 evidenter.

704 1485 877 1563 Quod
903 1487 983 1549 N
975 1507 1201 1549 orcmses
1231 1487 1656 1570 interfecerunt
1682 1488 2021 1572 episcopum

1121 1585 1593 1649 Dunelmemem.

523 1701 799 1771 Eodem¹
824 1729 1093 1791 quoque
1115 1717 1415 1791 tempore
1433 1709 1862 1785 walcherus,
1884 1708 2299 1772 Dunelmen-
2326 1734 2496 1793 numer
2511 1733 2559 1772 οι

433 1805 529 1868 sis
575 1807 883 1884 antistes,
918 1816 1156 1872 contra
1183 1809 1581 1888 dignitatem
1619 1808 2077 1890 pontificalem
2116 1809 2297 1871 curis
2323 1784 2622 1874 ffirffl‘fpd

431 1923 507 1967 se
552 1905 934 1969 immiscens
976 1908 1418 1983 secularibus,
1459 1926 1502 1971 a
1535 1905 1881 1970 Willelmo
1920 1907 2085 1969 emit
2116 1905 2297 1969 Nor-

431 2001 924 2068 thanhumbriae
950 2007 1377 2084 comitatum;
1407 2013 1499 2082 et,
1520 2006 1934 2069 vicecomitis
1957 2023 2169 2085 agens
2187 2006 2291 2068 vi-

430 2120 570 2177 ceS,
605 2102 692 2164 ad
725 2101 902 2166 laica
940 2123 1011 2166 se
1044 2104 1295 2167 recedit
1313 2104 1571 2186 judicia
1600 2111 1805 2185 atque
1849 2105 1936 2167 ab
1982 2105 2291 2168 omnibus

432 2200 984 2281 provincialibuS,
1023 2208 1164 2264 tam
1215 2202 1551 2266 nobilibus
1584 2221 1788 2283 quam
1832 2203 2070 2277 serviS,
2113 2202 2293 2266 inso-

430 2297 651 2361 lenter
679 2301 952 2364 retorsit
975 2300 1331 2383 pecuniam
1366 2300 1720 2363 infinitam.
1808 2298 2111 2382 Populus
2139 2308 2291 2363 tan-

424 2395 601 2472 dem,
637 2397 927 2461 assiduis
968 2399 1270 2481 episcopi
1304 2418 1385 2462 ac
1417 2399 1878 2462 ministrorum
1911 2398 2059 2481 ejus
2090 2417 2293 2461 exac-

421 2495 719 2559 tionibus
763 2498 849 2560 ad
889 2505 1266 2560 extremam
1304 2498 1671 2579 perductus
1711 2498 2035 2578 inopiam,
2067 2497 2291 2577 indig-

419 2593 716 2658 nabatur
769 2595 966 2659 valde
1021 2616 1170 2659 sese
1225 2595 1312 2659 ad
1364 2604 1504 2660 tam
1551 2614 1832 2676 gravem
1882 2596 2289 2677 redemptio-

419 2711 576 2755 nem
624 2693 771 2756 siue
815 2695 1312 2757 intermissione
1357 2693 1669 2775 compelli
1702 2714 1720 2771 ;
1784 2694 1962 2757 unde
2005 2695 2282 2776 provin-

421 2789 631 2855 ciales
686 2793 1125 2855 communiter
1177 2811 1409 2855 omnes
1447 2792 1534 2854 ad
1581 2799 1915 2855 secretum
1963 2794 2282 2857 conveni-

422 2896 617 2953 entes
652 2889 1062 2974 colloquium
1094 2889 1537 2954 decreverunt
1567 2890 1996 2966 unanimiter,
2030 2891 2280 2972 singuli

423 2996 495 3051 et
526 2989 848 3066 universi,
874 2997 953 3053 ut
981 2989 1242 3053 occulte
1282 2990 1526 3052 armati
1556 2989 1866 3052 venirent
1903 2988 1989 3051 ad
2032 2989 2285 3071 placita

422 3087 811 3164 comitatuS,
858 3088 941 3151 ad
994 3087 1470 3170 propellendas
1520 3087 1831 3170 injurias,
1882 3088 1941 3150 si
1991 3089 2284 3150 necessi-

419 3192 529 3249 tas
570 3186 968 3250 immineret.
1072 3186 1378 3268 Cumque
1419 3186 1628 3267 paulo
1676 3192 1835 3266 post
1890 3186 1975 3247 ad
2026 3184 2285 3267 placita

418 3291 744 3349 consueta
782 3303 1010 3348 omnes
1054 3284 1678 3366 comprovinciales,
1711 3292 1789 3348 ut
1831 3283 2277 3365 praelocutum

418 3382 664 3458 fuerat,
702 3385 869 3447 satis
913 3384 1213 3448 animose
1261 3383 1720 3458 advenissent,
1767 3389 1837 3445 et
1872 3382 1956 3445 de
1995 3381 2279 3446 diversis

418 3482 683 3564 injuriis
724 3483 850 3545 sibi
884 3482 1224 3566 justitiam
1274 3481 1417 3544 fieri
1465 3483 1879 3562 exegissent,
1922 3481 2281 3562 episcopus

421 3580 618 3642 nimis
660 3580 1023 3644 crudeliter
1065 3580 1434 3663 respondit,
1464 3580 1642 3662 quod
1675 3579 1761 3642 de
1804 3579 1991 3641 nulla
2028 3579 2282 3662 injuria

420 3678 532 3741 vel
562 3679 901 3743 calumnia
931 3680 1098 3762 ipsis
1136 3679 1479 3762 justitiam
1525 3678 1876 3741 exhiberet
1916 3685 2277 3759 antequam

418 3778 548 3841 sibi
590 3778 799 3841 libras
825 3779 1352 3860 quadringentas
1396 3784 1685 3840 monetae
1728 3777 2002 3858 optimae
2045 3796 2281 3840 nume-

419 3884 706 3941 rassent.
795 3876 991 3940 Tunc
1020 3897 1198 3939 unus
1226 3896 1457 3939 eorum
1488 3895 1614 3958 pro
1648 3876 1959 3938 omnibus
1993 3875 2278 3957 loquens

416 3974 763 4038 licentiam
788 3975 1164 4057 postulavit
1196 3976 1283 4038 ab
1311 3977 1654 4056 episcopo,
1688 3993 1894 4055 super
1922 3975 2281 4038 exactione

417 4075 794 4155 praemissa,
817 4081 894 4138 ut
918 4081 1198 4157 possent
1217 4074 1373 4137 inde
1392 4074 1638 4136 habere
1657 4072 2092 4153 colloquium,
2114 4091 2282 4154 qua-

418 4179 618 4235 tenus
648 4172 882 4235 habita
915 4173 1398 4236 deliberatione
1433 4171 1563 4235 sibi
1597 4171 1977 4253 quivissent
2008 4171 2280 4235 consul·

490 4394 503 4423 ¹
527 4399 706 4446 Eodem
738 4412 915 4461 quoque
947 4398 1190 4461 tempora]
1222 4398 1329 4446 The
1377 4398 1522 4447 chere
1543 4402 1594 4447 to
1611 4402 1752 4448 108⁰.
1797 4398 1879 4446 He
1895 4412 2003 4446 was
2024 4396 2286 4445 murdered

416 4466 537 4516 Sax.
576 4466 781 4527 ebron„
820 4468 1054 4516 Florence
1098 4468 1194 4516 and
1251 4468 1327 4516 Si·
1378 4473 1431 4516 at
1450 4467 1738 4518 Gateshead
1770 4482 1834 4516 on
1866 4467 1950 4516 the
1988 4465 2102 4515 Μαι
2127 4466 2288 4525 Μαγς

417 4550 582 4596 meon,
602 4537 670 4584 all
689 4536 819 4585 refer
838 4536 923 4585 the
946 4536 1095 4586 death
1117 4537 1175 4585 of
1191 4537 1327 4586 Wal-
1379 4537 1528 4600 Angl.
1552 4538 1688 4587 Sacr.
1714 4538 1750 4587 i.
1767 4540 1879 4586 703.

518 4627 670 4674 voL.
719 4627 790 4673 11.
1948 4626 1986 4671 C
