3457 5887
884 829 1156 879 rmus
1208 827 1743 879 ms‘roaunuu.
2115 814 2245 881 367

362 1010 518 1057 nem
564 995 971 1067 conventus»,
1030 990 1307 1055 missam
1358 989 1827 1055 celebraturus
1870 988 2244 1055 solemnem
2270 1006 2378 1049 an.
2402 1006 2512 1048 un.

360 1099 432 1159 et
465 1108 845 1157 sermonem
880 1088 966 1154 ad
1011 1089 1338 1174 populum
1382 1089 1764 1169 habiturae,
1806 1090 1909 1156 sic
1952 1109 2244 1156 exorsus

361 1199 494 1269 est,
541 1196 563 1226 ‘
594 1189 980 1256 Secundum
1027 1188 1530 1254 multitudinem
1578 1188 1889 1255 dolorum
1940 1208 2246 1256 meorum

362 1292 436 1356 in
480 1290 685 1356 corde
732 1309 910 1369 meo,
954 1289 1461 1355 consolationes
1510 1295 1651 1355 tuae
1698 1290 2059 1356 laetificant
2099 1291 2251 1355 aui-

364 1409 549 1456 mam
580 1390 851 1457 meam.’

414 1565 516 1630 Do
542 1563 810 1631 tonitruo
831 1562 1109 1652 ymen-abe:
1136 1572 1194 1631 et
1217 1564 1633 1651 satisfactiom
1658 1564 1819 1653 nqis
1835 1586 1963 1652 pro
1992 1572 2182 1631 morte

1091 1661 1254 1730 beati
1286 1665 1539 1731 Thomae.

371 1834 378 1839 -
470 1787 680 1855 Anno
728 1788 1011 1854 Domini
1054 1805 1401 1855 ucnxxn.
1450 1790 1522 1854 in
1566 1795 1770 1854 nocte
1813 1788 2067 1854 natalis
2102 1789 2251 1854 Do·
2276 1794 2523 1840 A-Ddffl·

372 1889 543 1953 mini
593 1883 934 1954 ¹tonitrua
977 1887 1216 1953 audita
1258 1895 1423 1954 suut
1462 1889 1837 1972 generalia,
1882 1889 1955 1952 in
1994 1887 2254 1971 Anglia

372 1987 664 2065 scilicet,
700 1987 1038 2052 Hibernia
1080 1995 1153 2053 et
1186 1987 1447 2067 Gallia,
1493 1989 1725 2053 subita
1768 1995 1839 2053 et
1879 1987 2254 2066 horribilia,

375 2088 612 2152 orbem
659 2087 953 2152 fortasse
997 2087 1084 2152 ad
1134 2107 1319 2154 nova
1351 2089 1537 2154 beati
1591 2087 1881 2152 Thomae
1933 2088 2257 2170 martyris

379 2185 712 2251 miracula
741 2205 832 2251 ex
863 2186 1152 2252 diversis
1201 2189 1514 2271 partibus
1543 2187 1935 2265 invitantia,
1967 2192 2048 2251 ut
2078 2187 2257 2257 sicut

376 2286 779 2369 sanguinem
816 2305 1015 2351 suum
1062 2306 1190 2370 pro
1214 2287 1587 2353 universali
1615 2286 1916 2371 perfudit
1947 2286 2258 2364 ecclesia,

379 2386 483 2450 ita
526 2386 677 2470 ejus
723 2386 976 2470 passio,
1003 2387 1098 2452 sit
1149 2388 1562 2470 generaliter
1608 2388 1697 2451 ab
1754 2386 2069 2452 omnibus
2126 2385 2260 2469 piis

376 2483 731 2550 desideriis
779 2485 1164 2551 recolenda.
1266 2487 1524 2553 Eodem
1557 2493 1889 2570 tempore,
1919 2504 2082 2568 rege
2114 2485 2261 2550 An-

375 2584 650 2666 glorum
708 2602 970 2650 moram
1025 2585 1320 2652 faciente
1372 2588 1446 2651 in
1501 2586 1866 2664 Hibernia,
1912 2582 2130 2669 Hugo
2173 2584 2260 2650 de

378 2684 609 2750 Seinte
659 2684 861 2749 More
909 2692 983 2751 et
1029 2685 1441 2770 Radulphus
1491 2687 1577 2751 de
1635 2685 1828 2763 Faie,
1874 2684 2258 2751 avunculus

386 2782 671 2849 Alienor
714 2784 995 2867 reginae,
1038 2785 1325 2851 consilio
1357 2786 1602 2871 ipsius,
1633 2793 1716 2851 ut
1755 2785 2027 2861 dicitur,
2070 2784 2257 2867 regis

385 2882 674 2950 Henrici
723 2883 1021 2971 junioris
1079 2886 1381 2951 animum
1437 2892 1800 2971 coeperunt
1857 2891 2167 2952 avertere
2217 2903 2263 2949 a

383 2990 581 3067 patre
626 3004 777 3065 suo,
820 2992 1229 3065 asserentes,
1271 2987 1724 3070 incongruum
1769 2985 1982 3051 videri
2027 3003 2260 3068 regem

382 3083 757 3167 quemlibet
809 3105 959 3151 esse
1003 3092 1076 3151 et
1118 3086 1652 3153 dominationem
1694 3087 1769 3151 in
1811 3104 2026 3169 regno
2071 3085 2260 3150 debi-

382 3190 529 3247 tam
581 3204 718 3249 non
765 3184 1059 3266 habere3
1126 3186 1247 3250 sed
1302 3206 1427 3251 rex
1489 3193 1712 3270 pater,
1756 3192 2127 3269 antequam
2173 3185 2261 3248 ab

386 3281 729 3348 Hibernia
753 3283 1031 3363 rediret,
1063 3278 1283 3370 ’apud
1328 3285 1676 3352 Lissemor
1701 3284 2065 3351 concilium
2097 3304 2261 3349 con-
2284 3306 2456 3349 omnen
2474 3308 2522 3346 r

386 3383 728 3465 gregavit,
787 3384 906 3448 ubi
960 3385 1152 3467 leges
1214 3383 1492 3468 Angliae
1557 3387 1647 3451 ab
1715 3384 2034 3450 omnibus
2101 3391 2265 3449 sunt
2285 3359 2485 3400 ”¹⁸³⁰oe

387 3488 749 3563 gratanter
788 3491 1082 3567 receptae
1114 3491 1186 3550 et
1212 3483 1559 3569 juratoria
1593 3485 1914 3551 cautione
1956 3483 2267 3568 praestita

386 3580 834 3646 confirmatae.
938 3582 1163 3648 Urbes
1193 3591 1266 3649 et
1296 3584 1606 3663 castella,
1649 3603 1808 3671 quae
1851 3603 1977 3649 rex
2019 3584 2093 3648 in
2136 3601 2267 3649 sua

384 3688 765 3764 receperat,
791 3683 921 3747 sub
950 3681 1136 3748 fideli
1171 3683 1485 3750 custodia
1511 3684 1908 3768 deputavit;
1969 3690 2063 3762 et,
2093 3699 2264 3766 quo-

385 3780 573 3845 niam
609 3781 805 3846 varia
836 3781 1062 3865 ipsum
1094 3782 1460 3850 trahebant
1491 3785 1794 3867 negotia,
1824 3785 1898 3848 in
1944 3783 2055 3847 die
2087 3781 2264 3846 Pas—

387 3878 538 3944 chae
588 3881 720 3945 sub
780 3881 998 3963 ipsius
1065 3882 1199 3947 diei
1256 3884 1657 3968 crepusculo
1716 3902 1964 3949 navem
2028 3901 2267 3948 ascen-

386 3978 560 4044 dens
607 3978 680 4042 in
729 3980 1030 4045 crastino
1082 3982 1417 4066 applicuit
1455 3985 1527 4048 in
1575 3983 1929 4061 Walliam,
1988 3989 2060 4047 et
2110 3982 2267 4047 inde

392 4077 893 4145 Porecestriam
925 4080 1208 4146 veniens
1246 4084 1686 4166 navigatione
1732 4083 1916 4148 felici
1966 4083 2040 4146 in
2086 4082 2270 4147 Nor-

387 4179 736 4244 manniam
774 4187 882 4246 est
923 4187 1379 4247 transvectuS.
1482 4182 1577 4247 Et
1607 4182 1970 4247 confestim
2003 4181 2090 4245 ad
2119 4199 2271 4246 car-

462 4336 478 4368 ¹
492 4340 724 4390 Tonitm
742 4339 952 4402 παίει]
994 4341 1194 4407 Diceto,
1208 4342 1306 4392 col.
1358 4345 1513 4391 states
1546 4342 1630 4393 the
1667 4343 1864 4392 council
1895 4347 1949 4391 to
1980 4341 2108 4390 bave
2146 4342 2273 4389 been

392 4413 508 4461 659.
1357 4410 1476 4461 held
1491 4417 1546 4461 at
1562 4412 1865 4473 Waterford,
1879 4410 2005 4460 with
2028 4410 2096 4460 G
2081 4409 2273 4458 waldus

1359 4480 1700 4544 cambrensis,
1736 4481 1854 4530 who
1891 4482 2032 4543 gives
2067 4478 2153 4528 the
2188 4478 2276 4526 de·

463 4543 937 4615 ’Ambiacum-‚J
973 4550 1173 4614 Dieeto,
1181 4551 1306 4601 ibid.
1357 4566 1499 4601 crees
1534 4551 1593 4600 of
1629 4551 1713 4600 the
1750 4550 1912 4612 synod
1943 4548 2081 4610 held,
2112 4562 2173 4598 as
2210 4548 2275 4598 he

391 4617 640 4681 Compare
675 4619 939 4684 Hoveden,
971 4635 1024 4682 p.
1057 4625 1174 4685 ⁵27,
1193 4621 1309 4670 who
1358 4625 1570 4684 assem,
1588 4624 1644 4670 at
1664 4620 1870 4672 Gashel.
