3457 5887
899 1010 1143 1050 Δ.1).Ιο99.

899 1060 1072 1108 motory
1087 1059 1135 1098 os

1882 710 1901 748 ῐ

1213 819 1341 884 132
1715 834 1981 883 nocem
2027 834 2121 881 nn
2165 833 2576 882 wannovsn

1217 995 1462 1060 donem
1528 995 1930 1078 attigerunt,
1996 1001 2089 1073 et,
2131 995 2205 1059 in
2257 994 2558 1058 crastino
2603 1010 2929 1075 percursa
2966 990 3088 1054 Sa-

899 1109 1192 1150 thecnmdu·
1219 1103 1417 1179 repta
1445 1095 1799 1179 prophetae
1837 1094 2068 1159 Heliae
2099 1094 2419 1171 nutricia,
2454 1094 2542 1157 ad
2575 1093 2761 1156 illius
2793 1091 3087 1173 regionis

899 2602 991 2642 The
1008 2601 1151 2642 march
1200 2570 1209 2580 ·

899 2663 953 2692 on
971 2652 1137 2693 Jerusa-

1217 1195 1648 1277 metropolim
1695 1194 1958 1278 Tyrum
2008 1201 2492 1276 pervenerunt,
2537 1200 2608 1256 et
2651 1191 2898 1256 dehinc
2941 1210 3092 1272 pro-

1218 1295 1381 1359 fecti
1409 1293 1654 1360 Achou
1703 1302 1774 1359 et
1818 1295 1906 1359 ab
1947 1292 2192 1360 Achou
2236 1293 2605 1377 progressi,
2652 1291 3016 1356 Galilaeam
3051 1309 3092 1352 a

1219 1395 1397 1459 laeva
1428 1392 1843 1472 deserenteS,
1873 1395 2052 1458 inter
2087 1392 2477 1458 Carmelum
2506 1400 2575 1456 et
2619 1411 2830 1468 mare,
2861 1389 3091 1453 Caesa-

1218 1513 1407 1558 ream
1443 1492 1817 1558 Palestinae
1850 1493 2305 1576 metropolim,
2335 1511 2492 1574 quae
2524 1498 2595 1556 et
2626 1490 2870 1554 Turris
2905 1488 3092 1552 Stra-

1220 1593 1402 1657 tonis
1453 1593 1590 1657 alio
1634 1592 1909 1657 nomine
1965 1592 2377 1676 appellatur.
2523 1590 2824 1670 Quidam
2867 1596 3092 1652 autem

1221 1692 1561 1775 principes
1605 1712 1727 1776 per
1768 1701 2070 1757 castrum
2115 1692 2453 1757 Bethelon
2490 1697 2929 1754 transeuntes
2975 1707 3093 1770 ap-

1220 1791 1606 1873 plicuerunt
1665 1792 1755 1856 ad
1808 1793 2046 1857 urbem
2096 1791 2371 1857 Baruch
2430 1791 2503 1855 in
2556 1791 2667 1854 die
2715 1789 3093 1854 Dominicae

1220 1891 1640 1955 ascensionis
1677 1911 1696 1971 3
1763 1891 1923 1955 inde
1977 1911 2100 1975 per
2146 1885 2521 1973 ¹Sagittam
2577 1890 2664 1953 ad
2717 1888 2970 1953 Arram
3028 1898 3094 1952 et

1223 1988 1580 2074 caypham
1625 1997 2084 2069 transeuntes,
2133 1989 2311 2054 diem
2359 1988 2818 2053 Pentecosten
2865 2008 3096 2052 omnes

1222 2089 1479 2172 pariter
1530 2091 1933 2173 congregati
1993 2091 2178 2173 apud
2226 2089 2614 2153 Caesaream
2676 2095 2927 2171 quarto
2971 2086 3095 2150 ka·

1222 2187 1457 2254 lendas
1484 2188 1530 2254 J
1534 2190 1658 2254 ulii
1683 2190 2078 2255 solemniter
2106 2189 2556 2254 celebrarunt.

1320 2365 1419 2430 De
1447 2363 1807 2430 desolatione
1833 2363 2085 2429 ecclesia:
2119 2364 2321 2428 sancti
2358 2362 2606 2448 Georyii
2631 2362 2933 2444 martyris
2958 2382 3002 2423 a

2037 2463 2276 2527 Turde.

1324 2586 1619 2652 Peracta
1646 2587 1885 2670 itaque
1919 2587 2017 2651 ibi
2056 2587 2263 2650 trium
2302 2605 2495 2650 mora
2525 2586 2807 2661 dierum,
2839 2585 3091 2649 relictis

1223 2706 1267 2750 a
1316 2677 1563 2750 dextra
1604 2686 1774 2751 locis
1821 2686 2180 2750 maritimis
2224 2684 2670 2768 Antipatrida
2718 2693 2791 2750 et
2840 2683 2886 2749 J
2892 2705 3089 2767 oppe

1225 2785 1688 2850 Eleutheriam
1740 2793 2193 2864 transeunteS,
2231 2785 2566 2869 Lyddam,
2608 2804 2764 2867 quae
2809 2784 3087 2867 Eliopo-

1221 2884 1306 2950 lis
1350 2886 1623 2965 dicitur,
1667 2886 1787 2951 ubi
1832 2884 2116 2968 Georgii
2159 2885 2482 2969 martyris
2531 2885 2793 2968 egregii
2843 2904 3089 2968 corpus

1222 2987 1610 3069 requiescit,
1666 2993 2161 3069 pervenerunt3
2212 2986 2411 3070 cujus
2457 2985 2813 3050 ecclesiam
2859 2985 3089 3049 hostes

1220 3086 1377 3151 fidei
1436 3087 1643 3170 paulo
1708 3093 1869 3151 aute
1917 3084 2285 3150 adventum
2342 3087 2851 3169 peregrinorum
2909 3086 3088 3169 deje-

1220 3193 1478 3261 cerant,
1514 3193 1894 3250 metuentes
1937 3205 2022 3250 ne
2056 3187 2287 3250 trabes
2314 3186 2638 3263 basilicae,
2666 3205 2826 3267 quae
2853 3186 3086 3249 multae

1220 3286 1649 3368 proceritatis
1676 3296 1895 3363 eraut,
1923 3285 1993 3348 in
2029 3285 2378 3349 machinas
2406 3286 2661 3351 vellent
2692 3294 3088 3350 convertere

1218 3392 1289 3448 et
1317 3386 1503 3448 urbis
1536 3385 1695 3448 inde
1726 3383 1983 3450 moenia
2012 3405 2426 3468 expugnare.
2532 3384 2896 3449 Profectus
2934 3386 3086 3450 inde

1218 3502 1444 3547 comes
1469 3484 1936 3562 Flaudrensis,
1961 3484 2331 3562 RobertuS,
2366 3485 2731 3549 Ramulam
2751 3486 3089 3567 pervenit,

1217 3589 1287 3645 et
1330 3589 1590 3664 portaS,
1620 3601 1793 3664 quas
1839 3590 2152 3667 patentes
2193 3584 2575 3661 inveniunt,
2625 3584 3088 3666 ingredientes

1219 3683 1449 3746 urbem
1495 3701 1787 3746 vacuam
1840 3691 2274 3766 repererunt;
2339 3692 2540 3749 nocte
2593 3703 2760 3748 sane
2806 3693 3088 3767 praeter-

1214 3781 1317 3844 ita
1384 3780 1618 3858 Turci,
1687 3789 2078 3846 nostrorum
2141 3792 2630 3866 cognoscentes
2694 3784 3086 3860 adventum,

1217 3881 1546 3944 abeuntes
1587 3880 1718 3944 sibi
1761 3882 2115 3946 consulere
2149 3884 2629 3966 procurabant.
2734 3882 3086 3966 Principoe

1216 4000 1379 4044 vero
1413 3979 1531 4043 alii
1559 3980 1631 4043 iu
1659 3982 1959 4046 crastino
1989 3981 2153 4046 illuc
2186 3985 2533 4049 venientes
2567 4003 2835 4048 omnem
2872 3985 3085 4048 abun-

1214 4076 1522 4144 dantiam
1563 4078 1907 4157 frumenti,
1939 4082 2085 4145 vini
2128 4089 2198 4145 et
2231 4082 2364 4147 olei
2398 4092 2822 4166 repererunt,
2858 4092 3085 4166 atque,

1214 4198 1337 4260 per
1402 4179 1701 4242 triduum
1770 4180 1864 4243 ibi
1929 4200 2190 4245 moram
2254 4182 2606 4258 facientes,
2666 4176 3084 4247 ²Robertum

1216 4278 1576 4360 quendam,
1594 4298 1844 4360 genere
1865 4279 2429 4360 Normannicum,
2452 4282 2754 4366 ejusdem
2784 4283 3084 4348 civitatis

1285 4476 1617 4544 'Sagittam.]
1666 4481 1801 4530 Now
1856 4480 2029 4547 So'ida,
2071 4498 2128 4532 or
2243 4480 2265 4513 ²
2289 4478 2591 4551 aubertum]
2645 4484 2729 4533 He
2766 4486 2886 4535 died
2924 4485 3082 4534 before

1212 4551 1395 4614 Saide;
1418 4551 1650 4612 formerly
1666 4551 1837 4601 Sidon.
2176 4557 2346 4673 3121·ῗά
2349 4554 2675 4673 cplxlnqazssllae
2700 4555 2889 4619 Quien,
2907 4556 3082 4606 Oriens
