<?xml version="1.0" encoding="UTF-8"?>
<!DOCTYPE html PUBLIC "-//W3C//DTD XHTML 1.0 Transitional//EN"
    "http://www.w3.org/TR/xhtml1/DTD/xhtml1-transitional.dtd">
<html xmlns="http://www.w3.org/1999/xhtml" xml:lang="en" lang="en">
 <head>
  <title>
</title>
<meta http-equiv="Content-Type" content="text/html;charset=utf-8" />
  <meta name='ocr-system' content='tesseract 3.04.00' />
  <meta name='ocr-capabilities' content='ocr_page ocr_carea ocr_par ocr_line ocrx_word'/>
</head>
<body>
  <div class='ocr_page' id='page_1' title='image "./rogeridewendove00wendgoog_0081.png"; bbox 0 0 3457 5887; ppageno 0'>
   <div class='ocr_carea' id='block_1_1' title="bbox 865 843 2230 910">
    <p class='ocr_par' dir='ltr' id='par_1_1' title="bbox 865 843 2230 910">
     <span class='ocr_line' id='line_1_1' title="bbox 865 843 2230 910; baseline -0.001 -2"><span class='ocrx_word' id='word_1_1' title='bbox 865 861 1139 910; x_wconf 77' lang='lat' dir='ltr'>FLORBS</span> <span class='ocrx_word' id='word_1_2' title='bbox 1183 859 1712 908; x_wconf 68' lang='lat' dir='ltr'><strong>ms‘romAaum.</strong></span> <span class='ocrx_word' id='word_1_3' title='bbox 2144 843 2230 906; x_wconf 80' lang='lat'><strong>77</strong></span> 
     </span>
    </p>
   </div>
   <div class='ocr_carea' id='block_1_2' title="bbox 352 1016 2541 1202">
    <p class='ocr_par' dir='ltr' id='par_1_2' title="bbox 352 1016 2541 1202">
     <span class='ocr_line' id='line_1_2' title="bbox 354 1016 2520 1129; baseline -0.003 -45"><span class='ocrx_word' id='word_1_4' title='bbox 354 1021 572 1085; x_wconf 89' lang='lat' dir='ltr'><strong>lenter</strong></span> <span class='ocrx_word' id='word_1_5' title='bbox 600 1028 1015 1103; x_wconf 81' lang='lat' dir='ltr'>occupantes</span> <span class='ocrx_word' id='word_1_6' title='bbox 1065 1026 1136 1083; x_wconf 91' lang='lat' dir='ltr'><strong>et</strong></span> <span class='ocrx_word' id='word_1_7' title='bbox 1165 1018 1451 1082; x_wconf 64' lang='lat' dir='ltr'><strong>aedificia</strong></span> <span class='ocrx_word' id='word_1_8' title='bbox 1495 1018 1653 1099; x_wconf 90' lang='lat' dir='ltr'><strong>igne</strong></span> <span class='ocrx_word' id='word_1_9' title='bbox 1692 1016 2222 1098; x_wconf 84' lang='lat' dir='ltr'><strong>conflagrantes,</strong></span> <span class='ocrx_word' id='word_1_10' title='bbox 2247 1031 2520 1129; x_wconf 43' lang='grc' dir='ltr'><strong>ῒξώὃφὲ·</strong></span> 
     </span>
     <span class='ocr_line' id='line_1_3' title="bbox 352 1116 2541 1202; baseline -0.005 -19"><span class='ocrx_word' id='word_1_11' title='bbox 352 1120 656 1202; x_wconf 78' lang='lat' dir='ltr'><strong>praedam</strong></span> <span class='ocrx_word' id='word_1_12' title='bbox 682 1122 1079 1185; x_wconf 79' lang='lat' dir='ltr'><strong>immensam</strong></span> <span class='ocrx_word' id='word_1_13' title='bbox 1110 1125 1180 1182; x_wconf 91' lang='lat' dir='ltr'><strong>et</strong></span> <span class='ocrx_word' id='word_1_14' title='bbox 1207 1119 1434 1201; x_wconf 83' lang='lat' dir='ltr'><strong>opima</strong></span> <span class='ocrx_word' id='word_1_15' title='bbox 1465 1117 1623 1182; x_wconf 92' lang='lat' dir='ltr'><strong>inde</strong></span> <span class='ocrx_word' id='word_1_16' title='bbox 1667 1117 1891 1200; x_wconf 89' lang='lat' dir='ltr'><strong>spolia</strong></span> <span class='ocrx_word' id='word_1_17' title='bbox 1920 1116 2224 1180; x_wconf 89' lang='lat' dir='ltr'><strong>abstule-</strong></span> <span class='ocrx_word' id='word_1_18' title='bbox 2245 1131 2541 1173; x_wconf 63' lang='lat' dir='ltr'><strong>tuem-au.</strong></span> 
     </span>
    </p>
   </div>
   <div class='ocr_carea' id='block_1_3' title="bbox 354 1227 541 1285">
    <p class='ocr_par' dir='ltr' id='par_1_3' title="bbox 354 1227 541 1285">
     <span class='ocr_line' id='line_1_4' title="bbox 354 1227 541 1285; baseline 0.027 -5"><span class='ocrx_word' id='word_1_19' title='bbox 354 1227 541 1285; x_wconf 86' lang='lat' dir='ltr'><strong>runt.</strong></span> 
     </span>
    </p>
   </div>
   <div class='ocr_carea' id='block_1_4' title="bbox 353 1388 2533 1798">
    <p class='ocr_par' dir='ltr' id='par_1_4' title="bbox 353 1388 2533 1798">
     <span class='ocr_line' id='line_1_5' title="bbox 668 1388 1921 1479; baseline -0.002 -25"><span class='ocrx_word' id='word_1_20' title='bbox 668 1393 766 1455; x_wconf 78' lang='lat' dir='ltr'><strong>De</strong></span> <span class='ocrx_word' id='word_1_21' title='bbox 785 1391 1280 1479; x_wconf 70' lang='lat' dir='ltr'><strong>peroyriuaticme</strong></span> <span class='ocrx_word' id='word_1_22' title='bbox 1309 1390 1544 1454; x_wconf 70' lang='lat' dir='ltr'><strong>comitis</strong></span> <span class='ocrx_word' id='word_1_23' title='bbox 1582 1388 1921 1453; x_wconf 70' lang='lat' dir='ltr'><strong>Tholooam&#39;.</strong></span> 
     </span>
     <span class='ocr_line' id='line_1_6' title="bbox 456 1515 2533 1619; baseline -0.001 -39"><span class='ocrx_word' id='word_1_24' title='bbox 456 1515 819 1580; x_wconf 89' lang='lat' dir='ltr'><strong>Subsecuti</strong></span> <span class='ocrx_word' id='word_1_25' title='bbox 885 1523 1045 1580; x_wconf 87' lang='lat' dir='ltr'><strong>sunt</strong></span> <span class='ocrx_word' id='word_1_26' title='bbox 1103 1516 1496 1600; x_wconf 89' lang='lat' dir='ltr'><strong>peregrinos</strong></span> <span class='ocrx_word' id='word_1_27' title='bbox 1568 1515 1931 1598; x_wconf 77' lang='lat' dir='ltr'><strong>praedictos</strong></span> <span class='ocrx_word' id='word_1_28' title='bbox 2001 1533 2225 1578; x_wconf 86' lang='lat' dir='ltr'><strong>comes</strong></span> <span class='ocrx_word' id='word_1_29' title='bbox 2246 1527 2472 1619; x_wconf 37' lang='lat' dir='ltr'><strong>&amp;m</strong></span> <span class='ocrx_word' id='word_1_30' title='bbox 2485 1529 2533 1567; x_wconf 77' lang='lat' dir='ltr'><strong>or</strong></span> 
     </span>
     <span class='ocr_line' id='line_1_7' title="bbox 353 1609 2225 1697; baseline 0 -20"><span class='ocrx_word' id='word_1_31' title='bbox 353 1614 790 1679; x_wconf 87' lang='lat' dir='ltr'><strong>Tholosanus</strong></span> <span class='ocrx_word' id='word_1_32' title='bbox 826 1609 1287 1693; x_wconf 88' lang='lat' dir='ltr'><strong>¹Ramundus,</strong></span> <span class='ocrx_word' id='word_1_33' title='bbox 1338 1621 1408 1678; x_wconf 89' lang='lat' dir='ltr'><strong>et</strong></span> <span class='ocrx_word' id='word_1_34' title='bbox 1453 1615 1814 1697; x_wconf 89' lang='lat' dir='ltr'><strong>episcopus</strong></span> <span class='ocrx_word' id='word_1_35' title='bbox 1865 1613 2225 1679; x_wconf 88' lang='lat' dir='ltr'><strong>Podiensis</strong></span> 
     </span>
     <span class='ocr_line' id='line_1_8' title="bbox 359 1712 2226 1798; baseline -0.001 -20"><span class='ocrx_word' id='word_1_36' title='bbox 359 1712 705 1791; x_wconf 76' lang='lat' dir='ltr'><strong>AimeruS,</strong></span> <span class='ocrx_word' id='word_1_37' title='bbox 753 1715 824 1777; x_wconf 90' lang='lat' dir='ltr'><strong>in</strong></span> <span class='ocrx_word' id='word_1_38' title='bbox 883 1716 1229 1798; x_wconf 80' lang='lat' dir='ltr'><strong>negotium</strong></span> <span class='ocrx_word' id='word_1_39' title='bbox 1281 1713 1614 1778; x_wconf 86' lang='lat' dir='ltr'><strong>crucifixi.</strong></span> <span class='ocrx_word' id='word_1_40' title='bbox 1720 1713 1937 1777; x_wconf 81' lang='lat' dir='ltr'><strong>Erant</strong></span> <span class='ocrx_word' id='word_1_41' title='bbox 1998 1721 2226 1777; x_wconf 89' lang='lat' dir='ltr'><strong>autem</strong></span> 
     </span>
    </p>
   </div>
   <div class='ocr_carea' id='block_1_5' title="bbox 353 1812 2244 4261">
    <p class='ocr_par' dir='ltr' id='par_1_5' title="bbox 353 1812 2244 4261">
     <span class='ocr_line' id='line_1_9' title="bbox 355 1812 2226 1895; baseline 0 -19"><span class='ocrx_word' id='word_1_42' title='bbox 355 1833 510 1876; x_wconf 92' lang='lat' dir='ltr'><strong>cum</strong></span> <span class='ocrx_word' id='word_1_43' title='bbox 544 1815 644 1877; x_wconf 92' lang='lat' dir='ltr'><strong>eis</strong></span> <span class='ocrx_word' id='word_1_44' title='bbox 671 1815 743 1877; x_wconf 91' lang='lat' dir='ltr'><strong>in</strong></span> <span class='ocrx_word' id='word_1_45' title='bbox 773 1822 974 1895; x_wconf 85' lang='lat' dir='ltr'><strong>gente</strong></span> <span class='ocrx_word' id='word_1_46' title='bbox 1025 1834 1155 1879; x_wconf 89' lang='lat' dir='ltr'><strong>sua</strong></span> <span class='ocrx_word' id='word_1_47' title='bbox 1184 1814 1311 1878; x_wconf 84' lang='lat' dir='ltr'><strong>viri</strong></span> <span class='ocrx_word' id='word_1_48' title='bbox 1355 1814 1622 1895; x_wconf 85' lang='lat' dir='ltr'><strong>generis</strong></span> <span class='ocrx_word' id='word_1_49' title='bbox 1669 1812 2006 1895; x_wconf 82' lang='lat' dir='ltr'><strong>praeclari,</strong></span> <span class='ocrx_word' id='word_1_50' title='bbox 2049 1812 2226 1877; x_wconf 86' lang='lat' dir='ltr'><strong>Wil-</strong></span> 
     </span>
     <span class='ocr_line' id='line_1_10' title="bbox 353 1911 2224 1997; baseline -0.001 -21"><span class='ocrx_word' id='word_1_51' title='bbox 353 1912 623 1989; x_wconf 76' lang='lat' dir='ltr'><strong>lelmuS,</strong></span> <span class='ocrx_word' id='word_1_52' title='bbox 672 1911 1107 1977; x_wconf 87' lang='lat' dir='ltr'><strong>Aurasiensis</strong></span> <span class='ocrx_word' id='word_1_53' title='bbox 1170 1915 1552 1997; x_wconf 80' lang='lat' dir='ltr'><strong>episcopuS,</strong></span> <span class='ocrx_word' id='word_1_54' title='bbox 1611 1919 1682 1976; x_wconf 89' lang='lat' dir='ltr'><strong>et</strong></span> <span class='ocrx_word' id='word_1_55' title='bbox 1739 1932 1966 1977; x_wconf 89' lang='lat' dir='ltr'><strong>comes</strong></span> <span class='ocrx_word' id='word_1_56' title='bbox 2014 1912 2224 1975; x_wconf 91' lang='lat' dir='ltr'><strong>Bain-</strong></span> 
     </span>
     <span class='ocr_line' id='line_1_11' title="bbox 354 2011 2224 2089; baseline 0 -14"><span class='ocrx_word' id='word_1_57' title='bbox 354 2013 627 2089; x_wconf 76' lang='lat' dir='ltr'><strong>balduS,</strong></span> <span class='ocrx_word' id='word_1_58' title='bbox 663 2011 970 2077; x_wconf 87' lang='lat' dir='ltr'><strong>Gaustus</strong></span> <span class='ocrx_word' id='word_1_59' title='bbox 1017 2013 1101 2077; x_wconf 93' lang='lat' dir='ltr'><strong>de</strong></span> <span class='ocrx_word' id='word_1_60' title='bbox 1134 2013 1438 2089; x_wconf 88' lang='lat' dir='ltr'><strong>Bediers,</strong></span> <span class='ocrx_word' id='word_1_61' title='bbox 1475 2012 1810 2076; x_wconf 88' lang='lat' dir='ltr'><strong>Girardus</strong></span> <span class='ocrx_word' id='word_1_62' title='bbox 1841 2011 1925 2075; x_wconf 90' lang='lat' dir='ltr'><strong>de</strong></span> <span class='ocrx_word' id='word_1_63' title='bbox 1956 2011 2224 2075; x_wconf 86' lang='lat' dir='ltr'><strong>Rossil-</strong></span> 
     </span>
     <span class='ocr_line' id='line_1_12' title="bbox 356 2110 2223 2188; baseline 0 -14"><span class='ocrx_word' id='word_1_64' title='bbox 356 2111 506 2188; x_wconf 91' lang='lat' dir='ltr'><strong>lun,</strong></span> <span class='ocrx_word' id='word_1_65' title='bbox 536 2111 926 2175; x_wconf 86' lang='lat' dir='ltr'><strong>Willelmus</strong></span> <span class='ocrx_word' id='word_1_66' title='bbox 971 2112 1055 2175; x_wconf 93' lang='lat' dir='ltr'><strong>de</strong></span> <span class='ocrx_word' id='word_1_67' title='bbox 1106 2112 1346 2176; x_wconf 84' lang='lat' dir='ltr'><strong>Monte</strong></span> <span class='ocrx_word' id='word_1_68' title='bbox 1395 2110 1797 2187; x_wconf 90' lang='lat' dir='ltr'><strong>Pessulano,</strong></span> <span class='ocrx_word' id='word_1_69' title='bbox 1837 2110 2223 2175; x_wconf 78' lang='lat' dir='ltr'><strong>willelmus</strong></span> 
     </span>
     <span class='ocr_line' id='line_1_13' title="bbox 358 2209 2225 2287; baseline 0 -14"><span class='ocrx_word' id='word_1_70' title='bbox 358 2229 589 2273; x_wconf 90' lang='lat' dir='ltr'><strong>comes</strong></span> <span class='ocrx_word' id='word_1_71' title='bbox 624 2209 965 2287; x_wconf 87' lang='lat' dir='ltr'><strong>Forensis,</strong></span> <span class='ocrx_word' id='word_1_72' title='bbox 1000 2210 1426 2274; x_wconf 86' lang='lat' dir='ltr'><strong>Reimundus</strong></span> <span class='ocrx_word' id='word_1_73' title='bbox 1461 2209 1687 2287; x_wconf 87' lang='lat' dir='ltr'><strong>Pelez,</strong></span> <span class='ocrx_word' id='word_1_74' title='bbox 1720 2209 2109 2275; x_wconf 86' lang='lat' dir='ltr'><strong>Gantonius</strong></span> <span class='ocrx_word' id='word_1_75' title='bbox 2141 2210 2225 2273; x_wconf 92' lang='lat' dir='ltr'><strong>de</strong></span> 
     </span>
     <span class='ocr_line' id='line_1_14' title="bbox 364 2307 2228 2387; baseline 0 -14"><span class='ocrx_word' id='word_1_76' title='bbox 364 2310 533 2385; x_wconf 88' lang='lat' dir='ltr'><strong>Bar,</strong></span> <span class='ocrx_word' id='word_1_77' title='bbox 564 2308 951 2376; x_wconf 75' lang='lat' dir='ltr'><strong>willelmus</strong></span> <span class='ocrx_word' id='word_1_78' title='bbox 980 2307 1338 2387; x_wconf 80' lang='lat' dir='ltr'><strong>Amanen3</strong></span> <span class='ocrx_word' id='word_1_79' title='bbox 1384 2309 1508 2373; x_wconf 89' lang='lat' dir='ltr'><strong>hos</strong></span> <span class='ocrx_word' id='word_1_80' title='bbox 1557 2311 1773 2373; x_wconf 89' lang='lat' dir='ltr'><strong>secuti</strong></span> <span class='ocrx_word' id='word_1_81' title='bbox 1820 2317 1981 2372; x_wconf 88' lang='lat' dir='ltr'><strong>sunt</strong></span> <span class='ocrx_word' id='word_1_82' title='bbox 2013 2308 2228 2373; x_wconf 84' lang='lat' dir='ltr'><strong>Gothi</strong></span> 
     </span>
     <span class='ocr_line' id='line_1_15' title="bbox 360 2407 2233 2491; baseline -0.001 -19"><span class='ocrx_word' id='word_1_83' title='bbox 360 2415 433 2472; x_wconf 90' lang='lat' dir='ltr'><strong>et</strong></span> <span class='ocrx_word' id='word_1_84' title='bbox 478 2407 883 2485; x_wconf 89' lang='lat' dir='ltr'><strong>Wascones,</strong></span> <span class='ocrx_word' id='word_1_85' title='bbox 933 2415 1003 2472; x_wconf 88' lang='lat' dir='ltr'><strong>et</strong></span> <span class='ocrx_word' id='word_1_86' title='bbox 1047 2409 1435 2491; x_wconf 87' lang='lat' dir='ltr'><strong>quicunque</strong></span> <span class='ocrx_word' id='word_1_87' title='bbox 1495 2427 1694 2471; x_wconf 90' lang='lat' dir='ltr'><strong>cruce</strong></span> <span class='ocrx_word' id='word_1_88' title='bbox 1750 2409 2002 2490; x_wconf 88' lang='lat' dir='ltr'><strong>signati</strong></span> <span class='ocrx_word' id='word_1_89' title='bbox 2054 2409 2233 2472; x_wconf 90' lang='lat' dir='ltr'><strong>inter</strong></span> 
     </span>
     <span class='ocr_line' id='line_1_16' title="bbox 360 2507 2232 2591; baseline -0.001 -21"><span class='ocrx_word' id='word_1_90' title='bbox 360 2507 778 2591; x_wconf 64' lang='lat' dir='ltr'><strong>Pyrenaeum</strong></span> <span class='ocrx_word' id='word_1_91' title='bbox 833 2516 904 2572; x_wconf 90' lang='lat' dir='ltr'><strong>et</strong></span> <span class='ocrx_word' id='word_1_92' title='bbox 953 2507 1171 2589; x_wconf 86' lang='lat' dir='ltr'><strong>Alpes</strong></span> <span class='ocrx_word' id='word_1_93' title='bbox 1232 2507 1720 2571; x_wconf 87' lang='lat' dir='ltr'><strong>diffunduntur.</strong></span> <span class='ocrx_word' id='word_1_94' title='bbox 1838 2507 1938 2570; x_wconf 92' lang='lat' dir='ltr'><strong>Hi</strong></span> <span class='ocrx_word' id='word_1_95' title='bbox 1999 2526 2232 2571; x_wconf 89' lang='lat' dir='ltr'><strong>omnes</strong></span> 
     </span>
     <span class='ocr_line' id='line_1_17' title="bbox 355 2606 2233 2690; baseline 0.001 -21"><span class='ocrx_word' id='word_1_96' title='bbox 355 2606 685 2690; x_wconf 85' lang='lat' dir='ltr'><strong>praefatos</strong></span> <span class='ocrx_word' id='word_1_97' title='bbox 731 2607 1221 2689; x_wconf 80' lang='lat' dir='ltr'><strong>subsequentes</strong></span> <span class='ocrx_word' id='word_1_98' title='bbox 1275 2626 1474 2671; x_wconf 88' lang='lat' dir='ltr'><strong>cruce</strong></span> <span class='ocrx_word' id='word_1_99' title='bbox 1526 2608 1860 2687; x_wconf 87' lang='lat' dir='ltr'><strong>signatos,</strong></span> <span class='ocrx_word' id='word_1_100' title='bbox 1913 2626 2036 2689; x_wconf 88' lang='lat' dir='ltr'><strong>per</strong></span> <span class='ocrx_word' id='word_1_101' title='bbox 2090 2606 2233 2670; x_wconf 88' lang='lat' dir='ltr'><strong>Ita-</strong></span> 
     </span>
     <span class='ocr_line' id='line_1_18' title="bbox 355 2705 2230 2788; baseline -0.001 -18"><span class='ocrx_word' id='word_1_102' title='bbox 355 2707 522 2770; x_wconf 91' lang='lat' dir='ltr'><strong>liam</strong></span> <span class='ocrx_word' id='word_1_103' title='bbox 547 2713 619 2770; x_wconf 88' lang='lat' dir='ltr'><strong>et</strong></span> <span class='ocrx_word' id='word_1_104' title='bbox 650 2705 1157 2783; x_wconf 88' lang='lat' dir='ltr'><strong>Lumbardiam,</strong></span> <span class='ocrx_word' id='word_1_105' title='bbox 1186 2714 1257 2770; x_wconf 90' lang='lat' dir='ltr'><strong>et</strong></span> <span class='ocrx_word' id='word_1_106' title='bbox 1286 2726 1409 2788; x_wconf 89' lang='lat' dir='ltr'><strong>per</strong></span> <span class='ocrx_word' id='word_1_107' title='bbox 1434 2705 1778 2787; x_wconf 80' lang='lat' dir='ltr'><strong>regionem</strong></span> <span class='ocrx_word' id='word_1_108' title='bbox 1802 2725 1954 2788; x_wconf 83' lang='lat' dir='ltr'><strong>quae</strong></span> <span class='ocrx_word' id='word_1_109' title='bbox 1979 2706 2230 2769; x_wconf 89' lang='lat' dir='ltr'><strong>Forum</strong></span> 
     </span>
     <span class='ocr_line' id='line_1_19' title="bbox 363 2804 2230 2882; baseline -0.001 -12"><span class='ocrx_word' id='word_1_110' title='bbox 363 2805 409 2870; x_wconf 86' lang='lat' dir='ltr'><strong>J</strong></span> <span class='ocrx_word' id='word_1_111' title='bbox 414 2806 539 2869; x_wconf 91' lang='lat' dir='ltr'><strong>ulii</strong></span> <span class='ocrx_word' id='word_1_112' title='bbox 589 2804 861 2881; x_wconf 91' lang='lat' dir='ltr'><strong>dicitur,</strong></span> <span class='ocrx_word' id='word_1_113' title='bbox 902 2805 972 2868; x_wconf 92' lang='lat' dir='ltr'><strong>in</strong></span> <span class='ocrx_word' id='word_1_114' title='bbox 1019 2805 1386 2882; x_wconf 78' lang='lat' dir='ltr'><strong>Histriam,</strong></span> <span class='ocrx_word' id='word_1_115' title='bbox 1423 2813 1495 2869; x_wconf 89' lang='lat' dir='ltr'><strong>et</strong></span> <span class='ocrx_word' id='word_1_116' title='bbox 1524 2805 1798 2869; x_wconf 90' lang='lat' dir='ltr'><strong>tandem</strong></span> <span class='ocrx_word' id='word_1_117' title='bbox 1839 2806 1912 2868; x_wconf 92' lang='lat' dir='ltr'><strong>in</strong></span> <span class='ocrx_word' id='word_1_118' title='bbox 1947 2805 2230 2869; x_wconf 88' lang='lat' dir='ltr'><strong>Dalma-</strong></span> 
     </span>
     <span class='ocr_line' id='line_1_20' title="bbox 364 2903 2231 2988; baseline -0.001 -19"><span class='ocrx_word' id='word_1_119' title='bbox 364 2906 536 2969; x_wconf 82' lang='lat' dir='ltr'><strong>tiam</strong></span> <span class='ocrx_word' id='word_1_120' title='bbox 569 2904 1079 2970; x_wconf 88' lang='lat' dir='ltr'><strong>descenderunt.</strong></span> <span class='ocrx_word' id='word_1_121' title='bbox 1171 2903 1478 2988; x_wconf 88' lang='lat' dir='ltr'><strong>Cumque</strong></span> <span class='ocrx_word' id='word_1_122' title='bbox 1507 2925 1627 2987; x_wconf 88' lang='lat' dir='ltr'><strong>per</strong></span> <span class='ocrx_word' id='word_1_123' title='bbox 1658 2904 1803 2968; x_wconf 91' lang='lat' dir='ltr'><strong>dies</strong></span> <span class='ocrx_word' id='word_1_124' title='bbox 1835 2905 2031 2987; x_wconf 81' lang='lat' dir='ltr'><strong>quasi</strong></span> <span class='ocrx_word' id='word_1_125' title='bbox 2060 2923 2231 2988; x_wconf 87' lang='lat' dir='ltr'><strong>qua-</strong></span> 
     </span>
     <span class='ocr_line' id='line_1_21' title="bbox 371 3004 2235 3087; baseline 0.001 -20"><span class='ocrx_word' id='word_1_126' title='bbox 371 3004 697 3085; x_wconf 79' lang='lat' dir='ltr'><strong>draginta</strong></span> <span class='ocrx_word' id='word_1_127' title='bbox 719 3023 986 3067; x_wconf 90' lang='lat' dir='ltr'><strong>omnem</strong></span> <span class='ocrx_word' id='word_1_128' title='bbox 1015 3004 1433 3068; x_wconf 88' lang='lat' dir='ltr'><strong>Dalmatiam</strong></span> <span class='ocrx_word' id='word_1_129' title='bbox 1464 3004 1680 3068; x_wconf 88' lang='lat' dir='ltr'><strong>multo</strong></span> <span class='ocrx_word' id='word_1_130' title='bbox 1707 3006 2235 3087; x_wconf 83' lang='lat' dir='ltr'><strong>pertransissent</strong></span> 
     </span>
     <span class='ocr_line' id='line_1_22' title="bbox 373 3103 2232 3186; baseline 0.001 -19"><span class='ocrx_word' id='word_1_131' title='bbox 373 3103 702 3186; x_wconf 87' lang='lat' dir='ltr'><strong>periculo,</strong></span> <span class='ocrx_word' id='word_1_132' title='bbox 737 3104 1004 3166; x_wconf 90' lang='lat' dir='ltr'><strong>demum</strong></span> <span class='ocrx_word' id='word_1_133' title='bbox 1055 3103 1509 3186; x_wconf 85' lang='lat' dir='ltr'><strong>Dyrrachium</strong></span> <span class='ocrx_word' id='word_1_134' title='bbox 1560 3115 2056 3186; x_wconf 80' lang='lat' dir='ltr'><strong>pervenerunt3</strong></span> <span class='ocrx_word' id='word_1_135' title='bbox 2120 3105 2232 3168; x_wconf 88' lang='lat' dir='ltr'><strong>ubi</strong></span> 
     </span>
     <span class='ocr_line' id='line_1_23' title="bbox 371 3202 2235 3285; baseline 0.001 -19"><span class='ocrx_word' id='word_1_136' title='bbox 371 3211 445 3267; x_wconf 90' lang='lat' dir='ltr'><strong>et</strong></span> <span class='ocrx_word' id='word_1_137' title='bbox 474 3220 698 3266; x_wconf 86' lang='lat' dir='ltr'><strong>comes</strong></span> <span class='ocrx_word' id='word_1_138' title='bbox 729 3202 945 3266; x_wconf 86' lang='lat' dir='ltr'><strong>literis</strong></span> <span class='ocrx_word' id='word_1_139' title='bbox 978 3203 1406 3285; x_wconf 88' lang='lat' dir='ltr'><strong>imperatoris</strong></span> <span class='ocrx_word' id='word_1_140' title='bbox 1438 3202 1859 3266; x_wconf 85' lang='lat' dir='ltr'><strong>exhilaratus</strong></span> <span class='ocrx_word' id='word_1_141' title='bbox 1906 3205 2037 3268; x_wconf 87' lang='lat' dir='ltr'><strong>iter</strong></span> <span class='ocrx_word' id='word_1_142' title='bbox 2069 3205 2235 3267; x_wconf 87' lang='lat' dir='ltr'><strong>arri-</strong></span> 
     </span>
     <span class='ocr_line' id='line_1_24' title="bbox 364 3301 2235 3385; baseline 0.001 -20"><span class='ocrx_word' id='word_1_143' title='bbox 364 3301 545 3383; x_wconf 89' lang='lat' dir='ltr'><strong>puit,</strong></span> <span class='ocrx_word' id='word_1_144' title='bbox 576 3302 1112 3385; x_wconf 85' lang='lat' dir='ltr'><strong>transcursisque</strong></span> <span class='ocrx_word' id='word_1_145' title='bbox 1146 3303 1486 3366; x_wconf 88' lang='lat' dir='ltr'><strong>montibus</strong></span> <span class='ocrx_word' id='word_1_146' title='bbox 1515 3309 1586 3366; x_wconf 92' lang='lat' dir='ltr'><strong>et</strong></span> <span class='ocrx_word' id='word_1_147' title='bbox 1611 3302 1805 3365; x_wconf 86' lang='lat' dir='ltr'><strong>silvis</strong></span> <span class='ocrx_word' id='word_1_148' title='bbox 1823 3312 1893 3367; x_wconf 90' lang='lat' dir='ltr'><strong>et</strong></span> <span class='ocrx_word' id='word_1_149' title='bbox 1917 3304 2235 3366; x_wconf 86' lang='lat' dir='ltr'><strong>universa</strong></span> 
     </span>
     <span class='ocr_line' id='line_1_25' title="bbox 367 3400 2231 3483; baseline 0.001 -20"><span class='ocrx_word' id='word_1_150' title='bbox 367 3400 810 3483; x_wconf 88' lang='lat' dir='ltr'><strong>Epirotorum</strong></span> <span class='ocrx_word' id='word_1_151' title='bbox 841 3401 1138 3482; x_wconf 85' lang='lat' dir='ltr'><strong>regione,</strong></span> <span class='ocrx_word' id='word_1_152' title='bbox 1171 3402 1439 3466; x_wconf 87' lang='lat' dir='ltr'><strong>demum</strong></span> <span class='ocrx_word' id='word_1_153' title='bbox 1468 3401 1538 3464; x_wconf 91' lang='lat' dir='ltr'><strong>in</strong></span> <span class='ocrx_word' id='word_1_154' title='bbox 1573 3418 1852 3483; x_wconf 89' lang='lat' dir='ltr'><strong>pagum,</strong></span> <span class='ocrx_word' id='word_1_155' title='bbox 1884 3403 1992 3466; x_wconf 89' lang='lat' dir='ltr'><strong>cui</strong></span> <span class='ocrx_word' id='word_1_156' title='bbox 2028 3401 2231 3466; x_wconf 91' lang='lat' dir='ltr'><strong>Pela·</strong></span> 
     </span>
     <span class='ocr_line' id='line_1_26' title="bbox 364 3500 2232 3584; baseline 0.001 -20"><span class='ocrx_word' id='word_1_157' title='bbox 364 3501 579 3582; x_wconf 85' lang='lat' dir='ltr'><strong>gonia</strong></span> <span class='ocrx_word' id='word_1_158' title='bbox 620 3519 866 3564; x_wconf 90' lang='lat' dir='ltr'><strong>nomen</strong></span> <span class='ocrx_word' id='word_1_159' title='bbox 910 3509 1036 3577; x_wconf 87' lang='lat' dir='ltr'><strong>est,</strong></span> <span class='ocrx_word' id='word_1_160' title='bbox 1093 3501 1306 3584; x_wconf 84' lang='lat' dir='ltr'><strong>copiis</strong></span> <span class='ocrx_word' id='word_1_161' title='bbox 1354 3500 1667 3564; x_wconf 86' lang='lat' dir='ltr'><strong>omnibus</strong></span> <span class='ocrx_word' id='word_1_162' title='bbox 1722 3500 2232 3578; x_wconf 87' lang='lat' dir='ltr'><strong>redundantem,</strong></span> 
     </span>
     <span class='ocr_line' id='line_1_27' title="bbox 366 3599 2234 3680; baseline 0.001 -17"><span class='ocrx_word' id='word_1_163' title='bbox 366 3599 672 3664; x_wconf 86' lang='lat' dir='ltr'><strong>tentoria</strong></span> <span class='ocrx_word' id='word_1_164' title='bbox 747 3605 1137 3664; x_wconf 89' lang='lat' dir='ltr'><strong>statuerunt</strong></span> <span class='ocrx_word' id='word_1_165' title='bbox 1174 3620 1192 3680; x_wconf 82' lang='lat'>3</span> <span class='ocrx_word' id='word_1_166' title='bbox 1265 3600 1382 3664; x_wconf 88' lang='lat' dir='ltr'><strong>ubi</strong></span> <span class='ocrx_word' id='word_1_167' title='bbox 1455 3618 1609 3663; x_wconf 90' lang='lat' dir='ltr'><strong>cum</strong></span> <span class='ocrx_word' id='word_1_168' title='bbox 1671 3599 1767 3663; x_wconf 88' lang='lat' dir='ltr'><strong>ibi</strong></span> <span class='ocrx_word' id='word_1_169' title='bbox 1828 3601 2234 3665; x_wconf 85' lang='lat' dir='ltr'><strong>venerabilis</strong></span> 
     </span>
     <span class='ocr_line' id='line_1_28' title="bbox 366 3698 2236 3782; baseline 0.001 -21"><span class='ocrx_word' id='word_1_170' title='bbox 366 3698 729 3763; x_wconf 87' lang='lat' dir='ltr'><strong>Podiensis</strong></span> <span class='ocrx_word' id='word_1_171' title='bbox 793 3698 1150 3782; x_wconf 83' lang='lat' dir='ltr'><strong>episcopus</strong></span> <span class='ocrx_word' id='word_1_172' title='bbox 1200 3699 1472 3781; x_wconf 87' lang='lat' dir='ltr'><strong>longius</strong></span> <span class='ocrx_word' id='word_1_173' title='bbox 1536 3718 1579 3763; x_wconf 92' lang='lat' dir='ltr'><strong>a</strong></span> <span class='ocrx_word' id='word_1_174' title='bbox 1643 3700 1888 3763; x_wconf 85' lang='lat' dir='ltr'><strong>castris</strong></span> <span class='ocrx_word' id='word_1_175' title='bbox 1941 3700 2236 3764; x_wconf 86' lang='lat' dir='ltr'><strong>tentoria</strong></span> 
     </span>
     <span class='ocr_line' id='line_1_29' title="bbox 365 3797 2233 3881; baseline 0 -20"><span class='ocrx_word' id='word_1_176' title='bbox 365 3797 552 3875; x_wconf 84' lang='lat' dir='ltr'><strong>fixit,</strong></span> <span class='ocrx_word' id='word_1_177' title='bbox 581 3797 971 3880; x_wconf 87' lang='lat' dir='ltr'><strong>hospitandi</strong></span> <span class='ocrx_word' id='word_1_178' title='bbox 1012 3798 1490 3864; x_wconf 87' lang='lat' dir='ltr'><strong>commoditate</strong></span> <span class='ocrx_word' id='word_1_179' title='bbox 1533 3798 1803 3875; x_wconf 90' lang='lat' dir='ltr'><strong>ductus,</strong></span> <span class='ocrx_word' id='word_1_180' title='bbox 1838 3818 1881 3862; x_wconf 94' lang='lat' dir='ltr'><strong>a</strong></span> <span class='ocrx_word' id='word_1_181' title='bbox 1911 3799 2233 3881; x_wconf 82' lang='lat' dir='ltr'><strong>Bulgaris</strong></span> 
     </span>
     <span class='ocr_line' id='line_1_30' title="bbox 364 3897 2238 3981; baseline 0.001 -20"><span class='ocrx_word' id='word_1_182' title='bbox 364 3897 786 3962; x_wconf 88' lang='lat' dir='ltr'><strong>irruentibus</strong></span> <span class='ocrx_word' id='word_1_183' title='bbox 816 3905 1058 3980; x_wconf 88' lang='lat' dir='ltr'><strong>captus</strong></span> <span class='ocrx_word' id='word_1_184' title='bbox 1093 3905 1221 3962; x_wconf 91' lang='lat' dir='ltr'><strong>est.</strong></span> <span class='ocrx_word' id='word_1_185' title='bbox 1303 3897 1436 3962; x_wconf 90' lang='lat' dir='ltr'><strong>Sed</strong></span> <span class='ocrx_word' id='word_1_186' title='bbox 1463 3898 1623 3961; x_wconf 92' lang='lat' dir='ltr'><strong>dum</strong></span> <span class='ocrx_word' id='word_1_187' title='bbox 1655 3917 1830 3962; x_wconf 90' lang='lat' dir='ltr'><strong>unus</strong></span> <span class='ocrx_word' id='word_1_188' title='bbox 1852 3917 1940 3961; x_wconf 85' lang='lat' dir='ltr'><strong>ex</strong></span> <span class='ocrx_word' id='word_1_189' title='bbox 1972 3898 2238 3981; x_wconf 82' lang='lat' dir='ltr'><strong>praedo-</strong></span> 
     </span>
     <span class='ocr_line' id='line_1_31' title="bbox 366 3997 2241 4080; baseline 0.001 -20"><span class='ocrx_word' id='word_1_190' title='bbox 366 3997 576 4060; x_wconf 81' lang='lat' dir='ltr'><strong>nibus</strong></span> <span class='ocrx_word' id='word_1_191' title='bbox 619 4015 858 4060; x_wconf 90' lang='lat' dir='ltr'><strong>aurum</strong></span> <span class='ocrx_word' id='word_1_192' title='bbox 905 3998 992 4061; x_wconf 88' lang='lat' dir='ltr'><strong>ab</strong></span> <span class='ocrx_word' id='word_1_193' title='bbox 1037 4017 1120 4061; x_wconf 94' lang='lat' dir='ltr'><strong>eo</strong></span> <span class='ocrx_word' id='word_1_194' title='bbox 1166 4004 1525 4080; x_wconf 78' lang='lat' dir='ltr'><strong>quaereret,</strong></span> <span class='ocrx_word' id='word_1_195' title='bbox 1557 3997 1780 4079; x_wconf 90' lang='lat' dir='ltr'><strong>ipsum</strong></span> <span class='ocrx_word' id='word_1_196' title='bbox 1823 4004 2065 4061; x_wconf 89' lang='lat' dir='ltr'><strong>contra</strong></span> <span class='ocrx_word' id='word_1_197' title='bbox 2107 4016 2241 4060; x_wconf 82' lang='lat' dir='ltr'><strong>cae·</strong></span> 
     </span>
     <span class='ocr_line' id='line_1_32' title="bbox 365 4096 2242 4179; baseline 0.001 -21"><span class='ocrx_word' id='word_1_198' title='bbox 365 4103 560 4159; x_wconf 82' lang='lat' dir='ltr'><strong>teros</strong></span> <span class='ocrx_word' id='word_1_199' title='bbox 605 4097 970 4176; x_wconf 81' lang='lat' dir='ltr'><strong>tuebatur3</strong></span> <span class='ocrx_word' id='word_1_200' title='bbox 1026 4097 1206 4161; x_wconf 89' lang='lat' dir='ltr'><strong>inter</strong></span> <span class='ocrx_word' id='word_1_201' title='bbox 1258 4115 1430 4179; x_wconf 88' lang='lat' dir='ltr'><strong>quos</strong></span> <span class='ocrx_word' id='word_1_202' title='bbox 1492 4097 1719 4160; x_wconf 85' lang='lat' dir='ltr'><strong>excito</strong></span> <span class='ocrx_word' id='word_1_203' title='bbox 1779 4096 2102 4173; x_wconf 90' lang='lat' dir='ltr'><strong>tumultu,</strong></span> <span class='ocrx_word' id='word_1_204' title='bbox 2155 4096 2242 4160; x_wconf 93' lang='lat' dir='ltr'><strong>ad</strong></span> 
     </span>
     <span class='ocr_line' id='line_1_33' title="bbox 365 4195 2244 4261; baseline 0 -2"><span class='ocrx_word' id='word_1_205' title='bbox 365 4214 581 4260; x_wconf 78' lang='lat' dir='ltr'><strong>voces</strong></span> <span class='ocrx_word' id='word_1_206' title='bbox 612 4195 1103 4259; x_wconf 84' lang='lat' dir='ltr'><strong>decertantium</strong></span> <span class='ocrx_word' id='word_1_207' title='bbox 1154 4197 1499 4261; x_wconf 85' lang='lat' dir='ltr'><strong>exercitus</strong></span> <span class='ocrx_word' id='word_1_208' title='bbox 1541 4205 1920 4260; x_wconf 86' lang='lat' dir='ltr'><strong>commotus</strong></span> <span class='ocrx_word' id='word_1_209' title='bbox 1952 4205 2059 4260; x_wconf 92' lang='lat' dir='ltr'><strong>est</strong></span> <span class='ocrx_word' id='word_1_210' title='bbox 2091 4197 2244 4259; x_wconf 88' lang='lat' dir='ltr'><strong>uni-</strong></span> 
     </span>
    </p>
   </div>
   <div class='ocr_carea' id='block_1_6' title="bbox 367 4371 2251 4701">
    <p class='ocr_par' dir='ltr' id='par_1_6' title="bbox 367 4371 2251 4701">
     <span class='ocr_line' id='line_1_34' title="bbox 445 4371 2250 4436; baseline 0.001 -15"><span class='ocrx_word' id='word_1_211' title='bbox 445 4371 461 4402; x_wconf 89' lang='lat'>¹</span> <span class='ocrx_word' id='word_1_212' title='bbox 488 4373 811 4436; x_wconf 57' lang='lat' dir='ltr'><strong>Rumam]</strong></span> <span class='ocrx_word' id='word_1_213' title='bbox 857 4373 872 4399; x_wconf 94' lang='lat'>‘</span> <span class='ocrx_word' id='word_1_214' title='bbox 889 4372 940 4420; x_wconf 87' lang='lat' dir='ltr'><strong>It</strong></span> <span class='ocrx_word' id='word_1_215' title='bbox 975 4373 1019 4421; x_wconf 74' lang='lat' dir='ltr'><strong>is</strong></span> <span class='ocrx_word' id='word_1_216' title='bbox 1062 4374 1288 4435; x_wconf 77' lang='lat' dir='ltr'><strong>singular</strong></span> <span class='ocrx_word' id='word_1_217' title='bbox 1335 4375 1561 4436; x_wconf 75' lang='lat' dir='ltr'><strong>writings</strong></span> <span class='ocrx_word' id='word_1_218' title='bbox 1604 4372 1661 4422; x_wconf 80' lang='lat' dir='ltr'><strong>of</strong></span> <span class='ocrx_word' id='word_1_219' title='bbox 1707 4373 1792 4422; x_wconf 86' lang='lat' dir='ltr'><strong>the</strong></span> <span class='ocrx_word' id='word_1_220' title='bbox 1837 4373 2034 4424; x_wconf 68' lang='lat' dir='ltr'><strong>Greeks</strong></span> <span class='ocrx_word' id='word_1_221' title='bbox 2075 4371 2250 4436; x_wconf 78' lang='lat' dir='ltr'><strong>(Anna</strong></span> 
     </span>
     <span class='ocr_line' id='line_1_35' title="bbox 367 4441 2248 4507; baseline -0.001 -16"><span class='ocrx_word' id='word_1_222' title='bbox 367 4443 575 4504; x_wconf 76' lang='lat' dir='ltr'><strong>enough</strong></span> <span class='ocrx_word' id='word_1_223' title='bbox 591 4442 700 4491; x_wconf 83' lang='lat' dir='ltr'><strong>that</strong></span> <span class='ocrx_word' id='word_1_224' title='bbox 716 4441 973 4504; x_wconf 77' lang='lat' dir='ltr'><strong>Raymond</strong></span> <span class='ocrx_word' id='word_1_225' title='bbox 989 4441 1047 4490; x_wconf 76' lang='lat' dir='ltr'><strong>os</strong></span> <span class='ocrx_word' id='word_1_226' title='bbox 1053 4443 1105 4492; x_wconf 91' lang='lat' dir='ltr'><strong>S.</strong></span> <span class='ocrx_word' id='word_1_227' title='bbox 1124 4443 1288 4505; x_wconf 74' lang='lat' dir='ltr'><strong>Giles,</strong></span> <span class='ocrx_word' id='word_1_228' title='bbox 1336 4443 1576 4494; x_wconf 88' lang='lat' dir='ltr'><strong>Comnen.</strong></span> <span class='ocrx_word' id='word_1_229' title='bbox 1600 4442 1836 4493; x_wconf 80' lang='lat' dir='ltr'><strong>Alexiad.</strong></span> <span class='ocrx_word' id='word_1_230' title='bbox 1860 4457 1911 4492; x_wconf 82' lang='lat' dir='ltr'><strong>x.</strong></span> <span class='ocrx_word' id='word_1_231' title='bbox 1930 4441 2025 4507; x_wconf 82' lang='lat' dir='ltr'><strong>xi.)</strong></span> <span class='ocrx_word' id='word_1_232' title='bbox 2048 4443 2146 4491; x_wconf 88' lang='lat' dir='ltr'><strong>and</strong></span> <span class='ocrx_word' id='word_1_233' title='bbox 2165 4443 2248 4491; x_wconf 81' lang='lat' dir='ltr'><strong>the</strong></span> 
     </span>
     <span class='ocr_line' id='line_1_36' title="bbox 371 4511 2251 4576; baseline 0 -16"><span class='ocrx_word' id='word_1_234' title='bbox 371 4526 409 4560; x_wconf 86' lang='lat' dir='ltr'><strong>a</strong></span> <span class='ocrx_word' id='word_1_235' title='bbox 431 4511 616 4561; x_wconf 75' lang='lat' dir='ltr'><strong>second</strong></span> <span class='ocrx_word' id='word_1_236' title='bbox 638 4512 892 4561; x_wconf 82' lang='lat' dir='ltr'><strong>character</strong></span> <span class='ocrx_word' id='word_1_237' title='bbox 905 4511 958 4559; x_wconf 90' lang='lat' dir='ltr'><strong>in</strong></span> <span class='ocrx_word' id='word_1_238' title='bbox 970 4511 1052 4561; x_wconf 85' lang='lat' dir='ltr'><strong>the</strong></span> <span class='ocrx_word' id='word_1_239' title='bbox 1076 4513 1288 4574; x_wconf 83' lang='lat' dir='ltr'><strong>genuine</strong></span> <span class='ocrx_word' id='word_1_240' title='bbox 1336 4514 1585 4562; x_wconf 77' lang='lat' dir='ltr'><strong>Arabiam</strong></span> <span class='ocrx_word' id='word_1_241' title='bbox 1598 4511 2008 4576; x_wconf 85' lang='lat' dir='ltr'><strong>(Lonqueruana,</strong></span> <span class='ocrx_word' id='word_1_242' title='bbox 2028 4528 2079 4575; x_wconf 83' lang='lat' dir='ltr'><strong>p.</strong></span> <span class='ocrx_word' id='word_1_243' title='bbox 2097 4511 2251 4576; x_wconf 74' lang='lat'><strong>129).·</strong></span> 
     </span>
     <span class='ocr_line' id='line_1_37' title="bbox 368 4580 1976 4647; baseline 0.001 -18"><span class='ocrx_word' id='word_1_244' title='bbox 368 4580 566 4642; x_wconf 74' lang='lat' dir='ltr'><strong>history</strong></span> <span class='ocrx_word' id='word_1_245' title='bbox 600 4581 657 4630; x_wconf 81' lang='lat' dir='ltr'><strong>of</strong></span> <span class='ocrx_word' id='word_1_246' title='bbox 686 4581 770 4630; x_wconf 85' lang='lat' dir='ltr'><strong>the</strong></span> <span class='ocrx_word' id='word_1_247' title='bbox 805 4581 1078 4642; x_wconf 74' lang='lat' dir='ltr'><strong>Crusades,</strong></span> <span class='ocrx_word' id='word_1_248' title='bbox 1111 4583 1290 4632; x_wconf 76' lang='lat' dir='ltr'><strong>should</strong></span> <span class='ocrx_word' id='word_1_249' title='bbox 1338 4583 1558 4647; x_wconf 87' lang='lat' dir='ltr'><strong>Gibbon,</strong></span> <span class='ocrx_word' id='word_1_250' title='bbox 1578 4583 1651 4632; x_wconf 84' lang='lat' dir='ltr'><strong>xi.</strong></span> <span class='ocrx_word' id='word_1_251' title='bbox 1672 4598 1724 4645; x_wconf 84' lang='lat' dir='ltr'><strong>p.</strong></span> <span class='ocrx_word' id='word_1_252' title='bbox 1749 4586 1830 4647; x_wconf 72' lang='grc'><strong>33,</strong></span> <span class='ocrx_word' id='word_1_253' title='bbox 1851 4586 1976 4631; x_wconf 75' lang='lat' dir='ltr'><strong>note.</strong></span> 
     </span>
     <span class='ocr_line' id='line_1_38' title="bbox 376 4649 1291 4701; baseline 0.002 -2"><span class='ocrx_word' id='word_1_254' title='bbox 376 4650 524 4699; x_wconf 68' lang='lat' dir='ltr'><strong>aliine</strong></span> <span class='ocrx_word' id='word_1_255' title='bbox 545 4665 604 4700; x_wconf 73' lang='lat' dir='ltr'><strong>aa</strong></span> <span class='ocrx_word' id='word_1_256' title='bbox 623 4650 708 4700; x_wconf 85' lang='lat' dir='ltr'><strong>the</strong></span> <span class='ocrx_word' id='word_1_257' title='bbox 731 4652 835 4700; x_wconf 75' lang='lat' dir='ltr'><strong>first</strong></span> <span class='ocrx_word' id='word_1_258' title='bbox 854 4649 911 4699; x_wconf 80' lang='lat' dir='ltr'><strong>of</strong></span> <span class='ocrx_word' id='word_1_259' title='bbox 939 4650 1116 4701; x_wconf 70' lang='lat' dir='ltr'><strong>heroes</strong></span> <span class='ocrx_word' id='word_1_260' title='bbox 1137 4653 1187 4701; x_wconf 90' lang='lat' dir='ltr'><strong>in</strong></span> <span class='ocrx_word' id='word_1_261' title='bbox 1209 4652 1291 4701; x_wconf 85' lang='lat' dir='ltr'><strong>the</strong></span> 
     </span>
    </p>
   </div>
  </div>
 </body>
</html>
