3457 5887
1003 826 1278 875 rmnss
1322 825 1849 875 msvonunuu.
2311 810 2356 872 5

488 983 755 1049 Deinde
782 1002 907 1047 rex
922 982 1334 1058 WillelmuS,
1353 975 1370 1013 ¹
1386 982 1779 1064 compositis
1808 983 1878 1045 in
1902 980 2160 1064 Anglia
2183 982 2352 1047 civi·
2375 995 2483 1035 M>-
2503 995 2614 1036 ¹⁰⁸⁷·

487 1082 743 1147 tatibus
791 1090 860 1147 et
905 1082 1228 1159 castellis,
1277 1080 1705 1164 propriisqw
1757 1081 2085 1145 ministris
2133 1082 2352 1163 impo-

488 1182 662 1259 sitis,
712 1182 799 1246 ad
828 1180 1320 1246 Normanniam
1362 1180 1856 1257 transfretavit,
1906 1179 2174 1244 obsides
2204 1178 2342 1244 An·

485 1281 643 1363 glise
690 1300 846 1344 cum
894 1281 1225 1343 immensa
1267 1279 1556 1362 pecunia
1603 1298 1835 1343 secum
1885 1278 2179 1357 ducens;
2224 1279 2344 1343 sed

486 1400 623 1443 non
664 1380 883 1444 multo
915 1387 1075 1461 post
1119 1378 1206 1442 ad
1239 1376 1562 1459 Angliam
1609 1379 1900 1454 rediens,
1946 1378 2342 1442 commilito-

486 1479 686 1543 nibus
728 1478 896 1554 suis,
926 1478 1044 1561 qui
1083 1479 1153 1541 in
1186 1477 1366 1542 bello
1400 1476 1854 1559 Hastingensi
1900 1478 2193 1559 patriam
2235 1497 2343 1540 se-

483 1597 637 1641 cum
679 1577 1243 1660 subjugaverant,
1285 1584 1505 1640 terras
1535 1574 1916 1657 Anglorum
1963 1583 2033 1640 et
2073 1594 2341 1658 posses-

482 1678 708 1741 siones
733 1675 1138 1740 affluentiori
1167 1694 1375 1738 manu
1405 1675 1716 1751 contulit,
1748 1673 2053 1756 illudque
2077 1694 2341 1758 parum,

482 1775 662 1857 quod
709 1775 845 1839 illis
893 1782 1333 1851 remanserat,
1364 1773 1687 1856 subjugo
1719 1773 1952 1855 posuit
1995 1782 2340 1856 perpetum

478 1874 849 1938 servitutis.
952 1872 1152 1937 Unde
1204 1880 1628 1937 recesserunt
1659 1891 1703 1937 a
1735 1891 1948 1954 regno
1983 1872 2341 1954 Eadgarus

480 1972 827 2054 Etheling,
870 1972 1051 2036 filius
1084 1972 1428 2047 Edwardi,
1471 1972 1816 2053 legitimus
1862 1972 2081 2035 haeres
2124 1973 2339 2053 regni,

481 2071 886 2136 Morcardus
940 2079 1011 2134 et
1064 2070 1434 2135 Eadwinus
1496 2069 1767 2147 fratres,
1825 2069 2220 2134 Mercherus
2270 2079 2340 2135 et

480 2170 937 2246 Wealthefus,
999 2167 1754 2233 Northanhumbrorum
1814 2170 2142 2248 comites;
2214 2189 2339 2233 ex·

481 2270 697 2350 ceptis
770 2268 1104 2351 episcopis
1169 2275 1241 2331 et
1294 2267 1577 2343 clericis,
1642 2267 1928 2349 aliisque
2000 2268 2339 2332 nobilibus

478 2369 733 2446 multis,
767 2387 937 2451 quos
967 2367 1246 2449 longum
1276 2373 1458 2430 esset
1484 2367 1864 2448 exprimere
1891 2365 2264 2448 sigillatim.

782 2540 884 2603 Do
909 2540 1272 2604 contentione
1297 2539 1461 2604 inter
1490 2538 1640 2603 duos
1667 2537 1744 2602 de
1754 2547 2025 2624 papatu.

571 2662 728 2727 Hoc
749 2663 959 2744 igitur
979 2669 1304 2744 tempore,
1333 2661 1598 2727 duobus
1622 2660 1890 2738 Romae,
1911 2654 2336 2727 'Alexandro
2358 2681 2550 2730 strumo
2565 2680 2629 2721 nn

472 2771 543 2827 et
575 2755 892 2838 ³Cadelo,
945 2761 1029 2825 de
1081 2770 1341 2844 papatu
1393 2760 1980 2838 contendentibuS,
2021 2759 2331 2826 Mantuae
2357 2732 2614 2781 Qm'

474 2860 774 2943 synodus
821 2858 1191 2940 colligitur,
1222 2868 1293 2923 et
1328 2857 1668 2923 mediante
1701 2858 2015 2935 Annone,
2052 2859 2328 2925 Coloni-

475 2961 622 3024 ensi
655 2959 1184 3041 archiepiscopo,
1213 2957 1610 3022 Alexandro
1638 2958 1722 3021 de
1750 2959 2038 3022 simonia
2064 2979 2138 3023 se
2168 2980 2329 3043 pur-

474 3067 707 3141 gante,
759 3058 833 3122 in
880 3057 1038 3121 sede
1087 3057 1463 3139 apostolica
1513 3058 1863 3133 statuitur,
1917 3064 1987 3120 et
2036 3057 2330 3123 Cadelus

469 3157 861 3240 expellitur,
937 3157 1350 3219 simoniacus
1422 3156 1925 3236 comprobatus.
2074 3157 2330 3221 Eodem

465 3264 768 3337 tempore
797 3255 883 3318 ad
912 3262 1173 3337 septem
1212 3254 1426 3317 millia
1452 3254 1798 3317 hominum
1838 3255 2075 3318 orandi
2104 3258 2328 3337 gratia

462 3353 1012 3439 Hierosolymam
1041 3355 1417 3436 petentium
1465 3354 1551 3417 ab
1582 3351 1926 3417 Arabibus
1969 3354 2037 3416 in
2071 3354 2324 3420 Paras-

465 3473 627 3518 ceue
672 3454 952 3517 obsessa
999 3460 1160 3516 sunt
1207 3452 1279 3516 in
1324 3452 1620 3534 quodam
1663 3452 1971 3530 castello,
2001 3460 2069 3517 et
2103 3461 2208 3517 tot
2233 3474 2321 3518 ex

463 3553 560 3618 eis
593 3552 931 3616 vulnerati
980 3551 1090 3616 vel
1135 3552 1364 3630 occisi,
1416 3559 1494 3616 ut
1543 3550 1627 3614 de
1675 3552 1986 3615 omnibus
2017 3553 2140 3617 vix
2183 3553 2321 3618 duo

460 3652 674 3717 millia
699 3653 838 3715 sint
867 3651 1123 3733 elapsa.

653 3816 863 3879 Natus
890 3824 973 3879 ost
1001 3815 1131 3901 reqi
1176 3814 1665 3898 Willobmofiliws
1686 3825 1743 3880 et
1769 3824 2010 3880 vocatus
2040 3825 2124 3880 ost

1232 3915 1556 3979 Henricus.

557 4035 761 4103 Anno
783 4037 1063 4102 Domini
1092 4055 1402 4103 unxvm.
1435 4045 1635 4103 natus
1665 4047 1771 4103 est
1805 4039 1950 4120 regi
1967 4038 2314 4104 Willelmo
2340 4063 2450 4103 sn.
2472 4065 2582 4106 10⁶⁸.

456 4136 635 4200 filius
685 4138 756 4199 in
792 4136 1072 4218 Anglia,
1111 4146 1181 4202 et
1228 4146 1512 4202 vocatus
1568 4144 1674 4202 est
1718 4137 2106 4217 Henricus3
2154 4157 2312 4202 nam
2338 4114 2536 4213 ι’ἰᾞιῗγοῖ.

523 4308 537 4338 ¹
568 4312 852 4374 Compositis
885 4311 937 4358 in
964 4310 1157 4372 Anglia'
1184 4310 1354 4358 civita-
1475 4308 1829 4372 'Alexandr-od
1881 4312 1965 4361 the
2003 4313 2203 4373 second,
2240 4314 2313 4362 bi·

453 4377 624 4448 tilnu.]
656 4381 762 4429 The
784 4380 1038 4442 following
1071 4395 1284 4442 passage
1305 4388 1356 4429 to
1406 4379 1529 4441 shop
1552 4380 1609 4430 of
1625 4382 1824 4443 Lucca3
1855 4381 1917 4430 he
1939 4381 2058 4431 died
2093 4382 2145 4430 in
2166 4383 2314 4445 April

450 4451 534 4500 the
556 4450 653 4499 end
673 4450 731 4498 of
746 4450 830 4499 the
864 4450 1069 4512 chapter
1096 4451 1141 4499 is
1161 4464 1193 4499 a
1215 4465 1354 4512 repe-
1409 4454 1550 4500 10⁷8.

451 4521 594 4569 tition
614 4519 671 4569 of
685 4519 823 4568 what
842 4519 906 4569 he
922 4520 1022 4569 had
1043 4519 1208 4569 before
1224 4520 1355 4582 said,

452 4605 503 4651 p.
531 4594 577 4654 l,
597 4590 631 4638 l.
659 4591 735 4640 16.
1471 4586 1493 4619 ⁸
1518 4587 1733 4652 eadelm]
1766 4588 1942 4651 bishop
1963 4588 2021 4638 os
2039 4588 2240 4639 Parma.
