3457 5887
881 852 1155 900 nonus
1202 852 1726 901 ms'roamnun.
2106 838 2233 903 391

364 1028 514 1073 mus
564 1008 746 1087 hinc,
799 1018 868 1075 et
924 1011 1013 1074 ad
1073 1008 1292 1074 locum
1342 1007 1518 1071 unde
1557 1007 1961 1074 recessimus
2006 1026 2232 1075 rever·
2255 1027 2363 1068 Δ».
2386 1029 2495 1068 117⁸.

365 1110 634 1174 tamur!
735 1108 888 1173 Illis
931 1120 1160 1173 autem
1203 1127 1326 1190 per
1355 1108 1537 1172 viam
1586 1126 1725 1190 qua
1758 1116 2092 1174 venerant
2123 1129 2230 1173 re·
2254 1078 2543 1179 fffflss

360 1209 804 1287 vertentibus,
829 1216 1115 1274 sanctus
1162 1226 1355 1272 suam
1402 1206 1689 1272 intravit
1726 1208 2108 1285 ecclesiam,
2159 1217 2230 1273 et

360 1307 562 1372 homo
623 1308 743 1372 ille
796 1308 1070 1373 domum
1123 1326 1319 1372 suam
1359 1307 1710 1388 ingressus
1752 1308 2028 1390 proprio
2079 1327 2231 1372 sese

357 1406 537 1471 lecto
569 1408 847 1491 recepit.

390 1581 565 1663 Quod
590 1582 692 1651 vir
706 1582 1016 1669 prensam
1043 1581 1329 1647 visionem
1356 1578 1476 1651 sibi
1503 1589 1792 1648 odernam
1819 1580 2194 1653 melam-ie.

464 1703 594 1768 Vir
655 1711 884 1768 autem
945 1722 1144 1768 mane
1205 1704 1753 1786 expergefactae,
1816 1706 1888 1769 in
1943 1708 2222 1790 ancipiti

361 1802 650 1886 positus,
669 1802 1067 1880 fluctuabat,
1092 1811 1321 1868 utrum
1355 1805 1483 1867 sub
1515 1803 1787 1868 silentio
1822 1806 2224 1886 praeteriret,

362 1921 452 1965 an
486 1902 662 1979 aliis,
696 1922 851 1985 quae
878 1903 950 1966 in
985 1902 1160 1979 visu,
1193 1902 1301 1967 vel
1347 1904 1599 1984 potius,
1633 1910 1710 1967 ut
1745 1906 2221 1987 praesumebat,

363 2022 462 2078 re,
523 2001 968 2084 corporaliter
1024 2011 1222 2083 gesta
1282 2001 1634 2079 didicerat,
1692 2003 2077 2083 revelarem
2163 2005 2222 2068 si

361 2101 540 2164 enim
582 2100 837 2177 sileret,
869 2119 1151 2182 peccare
1192 2102 1539 2165 metuebat
1567 2102 1639 2171 in
1672 2102 1941 2181 Deum3
1986 2103 2046 2166 si
2080 2123 2253 2172 rem.

362 2200 763 2282 publicaret,
835 2218 1087 2264 sannas
1159 2200 1503 2265 hominum
1569 2201 1954 2273 verebatur.
2074 2200 2223 2268 Ista

362 2298 638 2363 tandem
711 2299 938 2369 animo
1005 2318 1189 2382 saepe
1260 2300 1618 2364 revolvens
1687 2299 1918 2377 homo,
1981 2300 2221 2366 timore

365 2398 499 2463 Dei
531 2397 900 2461 humanum
928 2399 1279 2463 absorbuit
1303 2417 1322 2480 3
1374 2405 1467 2476 et,
1495 2399 1656 2464 licet
1688 2398 1911 2463 adhuc
1939 2401 2219 2464 verbum

360 2497 489 2561 hoc
522 2498 988 2561 communibus
1029 2505 1213 2562 esset
1254 2498 1532 2561 auribus
1564 2498 2062 2577 absconditum,
2096 2499 2217 2563 do-

357 2596 673 2660 mesticos
711 2604 939 2662 tamen
989 2616 1266 2661 suorum
1314 2604 1386 2661 et
1433 2597 1741 2679 privatos
1791 2596 2013 2661 effecit
2053 2617 2218 2663 con-

359 2696 538 2760 scios
567 2702 1004 2760 secretorum.
1107 2694 1222 2759 Illi
1254 2702 1507 2773 autem,
1534 2697 1715 2780 quod
1751 2696 2103 2761 dicebatur
2141 2697 2216 2761 in

361 2796 680 2872 tenebris,
721 2796 793 2859 in
828 2795 1083 2859 lumine
1124 2795 1583 2879 proferebant,
1607 2802 1701 2873 et,
1727 2795 1910 2878 quod
1937 2796 2007 2859 in
2050 2815 2216 2860 aure

350 2894 732 2973 audierant,
759 2914 966 2978 super
995 2901 1180 2959 tecta
1204 2893 1693 2978 praedicabant.
1797 2894 2083 2960 Factum
2110 2904 2216 2961 est

350 3001 606 3072 autem,
633 3002 713 3059 ut
744 2995 873 3060 hoc
910 3013 1091 3058 anno
1122 2996 1402 3059 verbum
1433 2994 1617 3059 istud
1661 3013 1786 3077 per
1817 3001 2031 3059 totam
2075 2995 2215 3058 dis-

349 3095 802 3159 seminaretur
854 3094 1296 3177 provinciam,
1345 3093 1518 3158 adeo
1563 3093 1835 3177 quidem
1882 3100 1959 3157 ut
1998 3093 2215 3177 ipsius

347 3193 734 3275 frequentia
765 3193 1160 3258 monasterii
1190 3193 1376 3258 beati
1403 3194 1723 3276 martyris
1744 3191 2000 3256 Albani
2030 3191 2213 3257 clau-

346 3300 570 3356 strum
611 3293 919 3358 intraret.
1020 3291 1335 3375 Denique
1381 3291 1565 3356 fama
1612 3292 2021 3370 desiderata,
2061 3291 2211 3375 qui-

345 3390 639 3458 busdam
666 3390 1180 3473 perferentibus,
1220 3391 1308 3455 ad
1351 3392 1665 3456 abbatem
1709 3390 2053 3455 Simonem
2094 3410 2212 3473 pe-

341 3489 673 3567 -netravit,
706 3490 904 3574 cujus
946 3498 1106 3574 post
1146 3490 1372 3554 Deum
1414 3491 1824 3555 auctoritate
1867 3491 2212 3572 negotium

337 3589 519 3655 illud
563 3589 772 3653 robur
811 3597 960 3654 erat
1001 3589 1391 3673 specialiter
1420 3589 1848 3669 habiturum3
1895 3588 2012 3671 qui
2058 3608 2213 3671 pro·

336 3689 535 3754 tinus
585 3690 829 3770 gratiae
857 3689 989 3753 Dei
1035 3688 1270 3753 laudes
1311 3688 1664 3770 persolvit,
1703 3695 1797 3766 et,
1841 3688 2210 3752 communi-

336 3794 503 3853 cato
545 3787 856 3864 consilio,
900 3788 1153 3852 electos
1184 3787 1270 3852 de
1302 3795 1643 3852 conventu
1673 3786 1919 3851 fratres
1947 3786 2211 3868 aliquot

339 3887 438 3953 ad
480 3887 727 3964 locum,
770 3906 973 3969 quem
1011 3887 1117 3950 vir
1147 3885 1263 3950 ille
1309 3892 1706 3952 ostensurus
1753 3892 1924 3962 erat,
1973 3886 2209 3950 eodem

341 3987 495 4051 viro
536 3986 817 4069 praevio,
870 3985 1263 4050 destinavit.
1337 3983 1738 4049 Conventus
1779 3984 1962 4049 domi
2003 3984 2210 4049 devo-

333 4086 439 4151 ,tis
489 4085 908 4150 orationibus
949 4084 1406 4161 incumbebat,
1452 4091 1523 4148 et
1567 4084 1815 4148 fratres
1857 4084 2208 4147 ductorem

343 4204 544 4249 suum
582 4191 967 4266 sequentes,
994 4182 1225 4248 videre
1265 4192 1641 4267 martyrum
1684 4183 2008 4265 reliquias
2049 4201 2209 4264 pro-

345 4285 723 4367 perabant3
786 4303 923 4366 quo
974 4283 1244 4347 demum
1293 4283 1765 4368 pervenientes
1808 4283 2210 4346 invenerunt

340 4383 594 4450 ibidem
616 4383 913 4447 fidelium
943 4382 1467 4456 multitudinem,
1494 4400 1670 4464 quos
1687 4381 1983 4463 Spiritus
2001 4377 2213 4440 Sanc-

343 4491 463 4548 tus
522 4483 606 4547 de
678 4482 965 4549 diversis
1042 4480 1411 4564 provinciis
1479 4480 1553 4543 in
1617 4499 1826 4543 unum
1888 4494 2212 4559 prospero

341 4583 784 4666 prognostico
850 4581 1244 4662 collegerat,
1316 4586 1392 4642 ut
1464 4577 1840 4644 inventioni
1898 4575 2211 4658 martyris
