3457 5887
924 828 1199 878 nonus
1245 830 1783 883 ms‘ronmnuu.
2157 822 2283 886 165

397 982 708 1053 nuntios¹
749 986 1086 1051 solemnes
1119 989 1205 1051 ad
1234 988 1665 1067 Anselmum,
1707 990 2278 1058 cantuariensem
2305 1011 2413 1052 Am.
2435 1013 2547 1052 noo.

399 1089 1009 1171 archiepiscopum,
1059 1106 1485 1171 summopere
1518 1090 1711 1153 illum
1757 1090 2159 1169 sollicitam,
2200 1101 2278 1158 ut

397 1209 553 1252 cum
602 1186 1037 1251 festinatione
1086 1188 1175 1251 ab
1225 1188 1436 1252 exilio
1475 1189 1743 1253 rediens
1789 1190 2019 1254 sedem
2078 1210 2274 1257 suam

396 1295 703 1371 repetere
769 1307 903 1350 non
966 1294 1370 1351 moraretur.
1501 1288 1737 1353 Rediit
1802 1290 2066 1354 interea
2131 1291 2274 1356 dux

402 1387 771 1464 Robertus,
824 1385 1037 1449 stater
1087 1387 1298 1468 regis,
1345 1388 1624 1469 expleta
1674 1389 2036 1471 magnifice
2080 1411 2273 1473 pere-

398 1487 784 1570 grinatione
824 1485 1481 1569 Hierosolymitana,
1519 1488 1589 1550 in
1636 1488 2156 1568 Normanniam,
2201 1493 2272 1554 in

396 1606 538 1669 qua
576 1586 724 1669 jam
772 1606 893 1669 per
939 1586 1477 1668 quinquennium
1528 1586 1668 1652 fere
1707 1588 1929 1652 fuerat
1963 1589 2274 1654 demora-

400 1694 539 1765 tus,
571 1686 688 1749 ubi
731 1704 887 1749 cum
928 1685 1175 1749 laetitia
1218 1693 1289 1749 et
1327 1686 1582 1750 honore
1626 1695 1986 1770 susceptus
2033 1696 2140 1752 est
2182 1691 2271 1754 ab

393 1788 718 1851 universo
751 1784 1004 1868 populo
1036 1786 1357 1866 regioniS.
1445 1785 1699 1850 Tenuit
1732 1795 1960 1851 autem
1988 1807 2070 1852 eo
2097 1796 2268 1853 tem-

391 1906 563 1969 pore
592 1905 718 1949 rex
754 1886 826 1949 in
859 1884 1170 1948 custodia
1204 1878 1710 1968 ²Ranulphum,
1739 1887 2268 1952 Dunelmensem

391 1986 820 2068 episcopum,
851 1983 1190 2047 hominem
1220 2004 1607 2067 perversum
1649 1993 1717 2050 et
1762 1986 1850 2050 ad
1880 2007 2078 2051 omne
2123 2008 2270 2052 sce-

393 2086 508 2149 lus
567 2090 909 2166 paratum,
959 2102 1157 2164 quem
1218 2083 1429 2147 frater
1486 2085 1637 2167 ejus
1700 2105 1826 2149 rex
1880 2086 2267 2151 Willelmus

400 2184 796 2266 episcopum
852 2183 1105 2246 fecerat
1165 2182 1717 2262 Dunelmensem,
1764 2192 1835 2248 et
1875 2187 2069 2267 regni
2118 2184 2266 2249 An-

405 2283 674 2365 glorum
728 2282 1246 2361 subversorem3
1305 2283 1425 2365 qui
1479 2302 1635 2346 cum
1682 2284 1831 2365 regi
1886 2283 2032 2367 jam
2085 2284 2270 2348 dicto

405 2383 605 2446 nimis
637 2389 818 2445 esset
846 2380 1220 2459 familiaris,
1264 2382 1716 2446 constituerat
1755 2402 1909 2446 eum
1953 2404 2079 2447 rex
2117 2404 2273 2466 pro-

400 2488 779 2546 curatorem
821 2499 1020 2544 suum
1075 2481 1144 2545 in
1180 2500 1417 2563 regne,
1459 2489 1538 2544 ut
1579 2481 1926 2560 evelleret,
1962 2483 2269 2547 destrue-

397 2588 525 2657 ret,
569 2589 842 2663 raperet
898 2587 970 2644 et
1028 2580 1471 2662 disperderet,
1525 2587 1595 2646 et
1638 2583 1871 2645 omnia
1922 2582 2269 2646 hominum

398 2683 579 2745 bona
608 2681 693 2744 ad
726 2680 872 2743 fisci
902 2680 1329 2744 commodum
1361 2688 1859 2763 comportaret;
1903 2682 2049 2759 sed,
2093 2702 2271 2747 mor-

397 2789 521 2845 tuo
569 2800 729 2862 rege
772 2780 1009 2862 iniquo
1057 2787 1128 2843 et
1183 2779 1488 2844 Henrico
1541 2787 1893 2858 coronato,
1942 2781 2027 2844 de
2088 2801 2271 2845 com-

399 2880 591 2943 muni
649 2878 930 2945 consilio
978 2880 1202 2962 gentis
1243 2878 1627 2963 Anglorum
1674 2881 1904 2962 posuit
1951 2900 2103 2945 eum
2144 2901 2269 2946 rex

401 2982 482 3044 in
508 2980 818 3057 vinculis,
841 2997 885 3042 a
906 2980 1151 3061 quibus
1179 2999 1358 3057 cum,
1389 2980 1785 3044 custodibus
1814 2981 1960 3044 suis
1978 2982 2270 3064 pecunia

402 3080 768 3162 corruptiS,
820 3079 1172 3157 evasisset,
1233 3080 1704 3143 transfretavit
1749 3080 1922 3144 clam
1967 3081 2040 3144 in
2086 3080 2269 3145 Nor-

396 3180 771 3256 manniam,
813 3185 884 3242 et
925 3198 1053 3242 sua
1095 3178 1569 3243 exhortatione
1608 3179 1850 3243 ducem
1891 3179 2267 3244 Robertum

390 3279 766 3343 commovit
797 3277 869 3341 in
908 3298 1136 3360 regem
1167 3278 1446 3342 fratrem
1479 3297 1700 3342 suum.
1803 3277 1903 3342 At
1938 3279 2083 3342 dux
2124 3279 2268 3343 Ro-

390 3380 635 3442 bertus
666 3378 900 3442 literas
930 3376 1195 3441 occulte
1223 3379 1309 3441 ad
1344 3376 1622 3460 Angliae
1651 3386 2011 3460 magnates
2043 3385 2264 3442 trans-

380 3480 671 3543 mittens
719 3477 1072 3558 allegavit,
1115 3477 1299 3559 quod
1332 3485 1515 3541 esset
1558 3476 2048 3559 primogenitus
2090 3478 2265 3541 filio-

387 3598 545 3642 rum
582 3577 790 3659 ,regis
835 3575 1167 3641 Willelmi
1223 3576 1450 3658 primi,
1506 3578 1625 3659 qui
1676 3574 1998 3659 Angliam
2058 3578 2266 3641 armis

385 3679 787 3759 subegerat,
846 3683 913 3740 et
974 3676 1101 3739 hac
1156 3677 1422 3740 ratione
1477 3676 1560 3739 de
1602 3676 1760 3760 jure
1808 3677 1937 3739 sibi
1980 3696 2263 3759 regnum

383 3784 782 3860 competere
814 3774 1215 3839 affirmabat.
1280 3774 1414 3839 His
1449 3775 1725 3853 auditis,
1751 3769 1985 3839 ⁸multi
2005 3774 2267 3839 nobiles

379 3877 467 3941 de
500 3896 722 3959 regno
756 3874 1030 3958 Angliae
1066 3893 1293 3938 causae
1332 3874 1519 3938 illius
1554 3875 1854 3939 savorem
1882 3876 2268 3957 praebentes

381 3976 591 4040 fidele
637 3975 992 4039 consilium
1035 3975 1099 4038 ei
1153 3974 1412 4056 pariter
1453 3982 1524 4038 et
1574 3973 1905 4037 auxilium
1944 3974 2270 4056 promise-

384 4083 576 4140 runt.
689 4074 1035 4138 Robertus
1087 4093 1248 4138 vero
1296 4073 1570 4137 interim
1619 4074 1893 4155 paravit
1945 4073 2154 4149 viam,
2191 4079 2268 4136 ut

456 4270 472 4300 ¹
495 4260 766 4335 Nuntios]
799 4267 938 4329 They
961 4266 1117 4315 found
1140 4265 1242 4314 him
1266 4270 1323 4314 at
1360 4264 1491 4312 fined
1513 4265 1564 4313 in
1585 4264 1669 4313 the
1688 4263 1872 4312 Tower
1889 4263 1947 4312 of
1973 4264 2177 4312 London
2203 4276 2268 4311 on

384 4339 581 4401 Lyons,
601 4337 729 4386 with
763 4337 921 4400 Hugh
952 4337 1037 4385 the
1057 4335 1237 4398 bishop
1260 4334 1319 4385 os
1359 4334 1444 4383 the
1466 4334 1584 4383 uth
1606 4335 1745 4395 Sept.
1773 4337 1917 4395 1100,
1929 4333 2029 4382 and
2051 4331 2268 4394 escaped

383 4408 496 4459 that
516 4424 608 4458 see
630 4423 646 4470 3
679 4407 857 4457 Eadm.
879 4423 932 4470 p.
954 4412 1035 4457 55.
1360 4403 1448 4453 4th
1464 4396 1761 4453 Feb.1101.’
1831 4403 2068 4453 Malmsb.
2084 4418 2136 4465 p.
2153 4406 2271 4463 619,

455 4544 477 4574 ²
495 4546 853 4610 Rnadphm]
907 4547 923 4574 ‘
942 4543 1106 4607 Ralph
1152 4543 1311 4592 Flam·
1359 4478 1467 4570 wc}
1485 4473 1639 4590 lumi
1702 4540 1898 4591 nobiles.
1922 4535 1948 4608 ]
2028 4538 2274 4600 Compare

380 4618 531 4681 hard,
544 4617 731 4679 bishop
745 4616 804 4665 os
814 4615 1059 4677 Durham,
1072 4628 1182 4663 was
1195 4628 1312 4663 con-
1363 4611 1602 4662 Malmsb.
1624 4607 1651 4674 ξ
1674 4613 1788 4685 394.
