3457 5887
850 888 1126 936 rnonsss
1171 888 1705 936 ms'ronmnuu.
2086 870 2216 938 335

339 1068 676 1134 quamque
734 1049 935 1113 famae
989 1068 1157 1112 meae
1219 1057 1289 1112 et
1343 1056 1591 1113 vestrae
1653 1046 1935 1130 generet
1995 1049 2216 1113 laesio·
2242 1063 2484 1154 ἐξέλυσε).

342 1170 521 1226 nem,
570 1156 820 1215 vestrae
875 1149 1080 1214 credo
1125 1168 1262 1212 non
1316 1149 1741 1230 incognitum
1790 1148 2168 1232 prudentiae
2195 1171 2212 1230 3
2242 1120 2492 1255 gfff-{⁸333

345 1249 617 1314 videtur
669 1249 835 1313 mihi
883 1249 1114 1324 etiam,
1176 1247 1354 1330 quod
1410 1268 1520 1312 me
1570 1249 1770 1331 quasi
1820 1247 2216 1312 derelictum

341 1348 708 1433 projecerit
782 1348 1164 1431 paternitas
1229 1354 1481 1424 vestra,
1538 1366 1692 1411 cum
1763 1346 1849 1411 ad
1922 1347 2215 1429 ignomi-

343 1449 477 1513 niae
517 1467 686 1512 meae
737 1454 1184 1531 augmentum
1236 1445 1650 1528 flagitiosum
1713 1447 1787 1510 in
1849 1466 1957 1510 me
2017 1465 2212 1529 gras·

345 1548 485 1611 sari
524 1547 859 1631 permittit
892 1546 1264 1623 inimicum,
1305 1564 1430 1610 nec
1464 1545 1772 1627 reprimit
1810 1545 2213 1630 injuriarum

346 1647 843 1712 vehementiam
931 1653 1239 1729 paternae
1311 1645 1749 1709 correctionis
1813 1646 2211 1711 moderatio.

350 1746 674 1812 Vestram
716 1746 927 1827 igitur
964 1746 1249 1810 obsecro
1286 1745 1686 1827 suppliciter
1725 1751 1797 1808 et
1839 1744 2103 1829 adjuro,
2135 1754 2213 1810 ut

341 1846 611 1930 justum
656 1851 786 1923 est,
832 1843 1327 1920 celsitudinem,
1361 1850 1464 1920 ut,
1508 1861 1708 1926 quem
1756 1843 1894 1907 filio
1927 1844 2213 1922 debetis,

354 1945 577 2027 operis
607 1943 1027 2008 exhibitione
1055 1942 1450 2007 monstretis
1482 1941 1822 2020 affectum,
1850 1949 1920 2007 et
1951 1941 2213 2008 illatam

356 2043 522 2107 mihi
558 2050 628 2107 et
651 2043 962 2127 personis
994 2041 1162 2105 meis
1185 2049 1255 2106 et
1281 2049 1481 2106 terrae
1512 2061 1680 2105 meae
1710 2041 2028 2126 injuriam
2058 2045 2213 2107 abs-

358 2161 492 2225 que
531 2142 915 2206 tardatione
961 2141 1316 2205 emendare
1349 2139 1744 2223 dignemini,
1787 2147 1857 2206 et
1898 2141 2212 2224 quicquid
2263 2175 2276 2187 ·

357 2241 791 2305 adversarius
823 2259 1014 2304 meus
1046 2247 1285 2304 contra
1303 2239 1481 2324 juris
1512 2240 1817 2304 ordinem
1847 2249 2085 2304 contra
2110 2261 2217 2305 me

354 2347 428 2403 et
462 2359 790 2423 personas
835 2340 1027 2421 regni
1061 2340 1213 2415 mei,
1246 2338 1530 2404 clericos
1567 2346 1636 2404 et
1670 2338 1908 2415 laicoS,
1947 2341 2215 2418 statuit,

353 2440 623 2503 irritum
668 2439 975 2503 habeatis
1019 2446 1088 2503 et
1123 2457 1451 2519 vacuum3
1519 2438 1968 2522 petitionibus
2015 2440 2217 2517 enim,

352 2556 526 2621 quas
563 2538 959 2621 paternitati
992 2545 1239 2602 vestrae
1276 2538 1710 2621 porrigimuS,
1750 2556 2101 2601 assensum
2132 2539 2217 2604 de

341 2636 499 2722 jure
535 2639 839 2720 praebere
878 2637 1226 2714 tenemini,
1253 2638 1551 2703 maxime
1581 2657 1734 2702 cum
1775 2636 2215 2721 petitionibus

351 2736 623 2815 vestris,
661 2755 834 2820 quas
872 2736 1039 2800 mihi
1077 2737 1297 2801 nuntii
1333 2738 1545 2802 vestri
1573 2736 1915 2802 Vivianus
1954 2738 2213 2804 scilicet

351 2843 422 2900 et
444 2835 819 2901 Gratianus
844 2836 1337 2919 proponebant,
1361 2843 1699 2919 quatenus
1725 2855 1910 2920 saepe
1937 2836 2081 2901 fato
2107 2857 2214 2901 ar-

352 2935 782 3020 chiepiscopo
815 2934 1292 3000 Cantuariensi
1325 2936 1985 3020 archiepiscopatum
2018 2957 2216 3001 snum

353 3043 428 3099 et
467 3054 763 3100 amorem
799 3043 1106 3099 nostrum
1142 3035 1596 3113 redderemuS,
1640 3056 1785 3113 nos,
1833 3039 2217 3119 postposito

354 3134 613 3199 honore
664 3142 923 3210 nostro,
964 3134 1420 3198 concessimus
1469 3154 1698 3199 coram
1748 3137 1917 3219 ipsis
1970 3136 2217 3216 legatis

355 3235 430 3298 et
474 3240 631 3298 octo
674 3232 1195 3315 archiepiscopis
1238 3240 1308 3297 et
1350 3234 1685 3318 episcopis
1736 3242 1807 3299 et
1858 3236 2218 3300 abbatibus

292 3406 300 3414 ,
355 3333 616 3410 multis,
652 3332 813 3396 licet
847 3332 964 3396 ille
996 3333 1255 3414 absque
1291 3334 1705 3397 conscientia
1736 3342 1974 3399 nostra
2009 3342 2082 3399 et
2107 3355 2221 3400 co·

357 3433 630 3496 actione
662 3431 895 3515 aliqua
921 3451 965 3496 a
994 3450 1208 3514 regno
1242 3433 1508 3510 exierit,
1543 3440 1622 3496 ut
1650 3433 1822 3497 bene
1855 3441 1924 3498 et
1951 3435 2024 3497 in
2052 3453 2218 3517 pace

356 3532 632 3609 rediret,
660 3538 731 3595 et
761 3550 997 3595 omnes
1026 3533 1489 3614 possessiones
1532 3550 1695 3596 suas
1731 3531 2011 3599 haberet
2042 3534 2217 3598 sicut

355 3630 596 3694 habuit
636 3630 911 3713 quando
946 3648 989 3693 a
1018 3648 1231 3712 regno
1269 3631 1507 3709 exivit,
1546 3639 1615 3696 et
1645 3651 1881 3696 omnes
1915 3633 2029 3716 qui
2064 3652 2213 3696 cum

353 3749 436 3794 eo
470 3729 582 3794 vel
618 3748 746 3811 pro
780 3747 863 3793 eo
893 3730 1233 3806 exierunt,
1278 3729 1490 3793 salvis
1530 3729 1979 3812 dignitatibus
2024 3733 2212 3813 regni

354 3829 608 3907 nostri;
652 3828 1088 3892 serenitatem
1127 3828 1342 3910 igitur
1381 3836 1679 3893 vestram
1722 3832 1974 3895 obnixe
2016 3850 2217 3913 roga-

352 3947 530 4005 mus,
573 3935 913 4010 quatenus
965 3934 1227 3992 attente
1279 3927 1719 3993 consideretis
1771 3929 2094 3994 honorem
2145 3937 2217 3993 et

354 4027 743 4105 utilitatem,
785 4046 991 4109 qnam
1035 4028 1230 4091 vobis
1272 4033 1342 4090 et
1379 4028 1586 4092 cnriae
1629 4036 1877 4093 vestrae
1923 4029 2215 4093 contuli·

353 4145 504 4190 mus
539 4134 611 4190 et
646 4128 717 4191 in
750 4126 1076 4203 futurum,
1112 4126 1239 4190 nisi
1276 4146 1399 4209 per
1428 4145 1555 4190 vos
1595 4130 1886 4206 steterit,
1919 4128 2214 4193 confere-

354 4246 532 4304 mus,
584 4233 656 4290 et
701 4227 799 4289 sic
842 4246 982 4289 rem
1026 4225 1201 4290 hanc
1257 4227 1360 4289 ita
1415 4234 1790 4310 temperare
1833 4228 2083 4304 velitis,
2131 4247 2215 4290 ne

353 4326 542 4390 illius
585 4325 823 4409 perfidi
868 4324 1232 4408 proditoris
1276 4326 1491 4390 nostri
1540 4327 1901 4392 malitiosae
1953 4324 2218 4390 blandi-

353 4426 474 4490 tiae
542 4425 1041 4507 simplicitatem
1112 4431 1415 4488 nostram
1479 4425 2032 4498 circumveniant,
2097 4424 2215 4486 sed

342 4524 562 4607 juxta
610 4524 1003 4607 petitionem
1058 4532 1360 4589 nostram
1407 4544 1549 4600 eos,
1594 4527 1711 4608 qui
1756 4522 2219 4590 excommuni-

351 4623 493 4686 cati
525 4631 706 4700 sunt,
742 4624 1136 4700 absolvatis,
1171 4631 1264 4700 et,
1295 4643 1380 4686 ne
1414 4623 1484 4686 in
1519 4624 1689 4688 alios
1721 4642 2056 4690 venenum
2098 4641 2219 4686 ex-
