3457 5887
888 1018 999 1064 Am.
1018 1019 1130 1059 noo.
1148 1061 1151 1062 γ

884 1561 1072 1604 Wsslhm

886 1611 1039 1653 Ruma-

866 4123 1112 4165 Ceron-tlon

866 4175 915 4214 ot
926 4174 1069 4226 fleury
1088 4175 1124 4216 1.

1210 825 1339 890 160
1711 841 1976 890 nocam
2027 843 2120 890 nn
2166 842 2574 892 wannovmz

1208 1001 1345 1066 duo
1399 1022 1489 1066 ex
1547 1003 1900 1067 monachis
1954 1003 2105 1087 ejus
2163 1003 2249 1067 ad
2305 1005 2532 1086 ipsum
2585 1004 2953 1081 venientes,
3004 1014 3070 1070 et

1207 1101 1388 1184 regis
1430 1110 1717 1168 mortem
1761 1103 2181 1179 nuntiantes,
2224 1103 2480 1169 hortati
2523 1110 2685 1167 sunt
2725 1105 3067 1182 attentius,

1206 1207 1286 1272 ut
1315 1201 1499 1266 illico
1533 1203 1762 1269 sedem
1791 1221 1987 1266 suam
2014 1209 2322 1285 repetere
2354 1202 2777 1284 dignaretur.

1725 1376 1824 1439 De
1855 1374 2027 1438 vitiis
2053 1373 2211 1459 roqis
2252 1372 2569 1437 Willolmi.

1305 1499 1352 1565 J
1357 1519 1479 1564 ure
1508 1506 1739 1565 autem
1768 1519 1892 1563 rex
1925 1500 1995 1562 in
2030 1497 2251 1562 medio
2293 1497 2507 1561 totius
2545 1498 2906 1581 injustitiae
2931 1519 3063 1563 suae

1205 1608 1585 1682 praereptus
1625 1599 1966 1675 occubuit,
2005 1597 2124 1680 qui
2165 1615 2376 1679 supra
2421 1597 2759 1661 hominem
2802 1606 2969 1675 erat,
3003 1608 3065 1662 et

1204 1700 1488 1764 consilio
1538 1717 2036 1781 perversorum,
2086 1695 2407 1780 quicquid
2456 1696 2621 1760 mali
2670 1705 2963 1779 poterat,
3003 1698 3063 1761 id

1202 1817 1470 1881 semper
1497 1799 1785 1880 agebat3
1835 1791 1937 1861 ¹et
1969 1796 2113 1860 suis
2142 1815 2461 1878 nequam,
2490 1795 2734 1860 alienis
2770 1797 3060 1879 nequior,

1204 1898 1333 1962 sibi
1358 1897 1838 1979 nequissimuS,
1859 1895 2205 1979 subjectos
2232 1913 2465 1958 omnes
2487 1896 2834 1959 continuis
2867 1896 3062 1978 geldis

1204 2004 1274 2061 et
1299 1997 1574 2078 talagiis
1605 1997 1925 2072 vexabat,
1948 1996 2207 2060 vicinos
2236 1995 2470 2058 werris
2505 2001 2577 2058 et
2600 1996 3057 2059 exactionibus

1202 2096 1493 2160 assiduis
1530 2097 1969 2181 provocabat,
1994 2115 2119 2159 nec
2144 2092 2479 2177 respirare
2500 2100 2778 2176 poterat
2799 2092 3057 2177 Anglia,

1202 2196 1330 2259 sub
1385 2196 1537 2278 ipso
1591 2195 2067 2259 miserabiliter
2110 2193 2467 2258 suffocata.
2571 2193 2736 2276 Ipse
2783 2213 3057 2277 namque

1202 2302 1272 2358 et
1314 2295 1433 2377 qui
1482 2293 1547 2358 ei
1589 2293 2097 2358 famulabantur
2150 2292 2377 2357 omnia
2420 2293 2806 2375 rapiebant,
2848 2295 3058 2357 omnia

1199 2394 1643 2458 conterebant
1684 2400 1755 2457 et
1807 2393 2316 2470 subvertebant,
2359 2391 2697 2455 adulteria
2745 2393 3060 2457 violenter

1200 2499 1270 2556 et
1318 2493 1592 2576 impune
1645 2492 2182 2569 committebant,
2212 2490 2532 2574 quicquid
2561 2490 2827 2555 fraudis
2857 2501 2926 2557 et
2953 2513 3060 2556 ne-

1199 2591 1433 2675 quitiae
1462 2600 1667 2657 antea
1694 2611 1831 2655 non
1863 2597 2013 2655 erat
2043 2590 2149 2654 his
2189 2591 2608 2673 temporibus
2655 2591 3046 2673 pullulavit3

1199 2691 1463 2755 invisus
1500 2710 1794 2773 namque
1838 2710 1961 2753 rex
2002 2689 2454 2772 nequissimus
2496 2690 2645 2754 Deo
2688 2699 2757 2754 et
2791 2690 3058 2773 populo,

1198 2790 1309 2853 die
1352 2810 1489 2873 qua
1534 2791 1725 2867 obiit,
1766 2791 1838 2854 in
1881 2788 2156 2872 proprio
2204 2790 2482 2853 tenebat
2530 2789 3059 2873 archiepiscopa-

1199 2897 1347 2955 tum
1406 2888 1989 2967 Cantuariensem,
2038 2889 2472 2972 episcopatus
2519 2888 3056 2955 wintoniensem

1198 2996 1269 3054 et
1312 2989 1900 3067 Saresbiriensem,
1939 3009 2092 3053 cum
2137 2988 2491 3053 duodecim
2534 2990 2864 3068 abbatiis,
2905 3010 3059 3073 quas

1195 3097 1320 3154 aut
1344 3090 1707 3166 vendebat,
1737 3097 1857 3154 aut
1899 3089 1985 3152 ad
2033 3088 2292 3152 firmam
2335 3088 2565 3166 dabat,
2596 3096 2722 3152 aut
2758 3090 2838 3152 in
2869 3109 3064 3167 manu,

1195 3207 1323 3252 sua
1378 3191 1699 3268 tenebat;
1762 3208 1885 3252 nec
1923 3188 2218 3252 luxuriae
2265 3187 2490 3251 scelus
2542 3190 2919 3253 exercebat
2959 3209 3058 3253 oc-

1194 3288 1402 3365 culte,
1461 3288 1580 3352 sed
1644 3307 1735 3353 ex
1794 3285 2215 3370 impudentia
2285 3307 2513 3352 coram
2585 3287 2755 3352 sole.
2892 3288 3054 3367 Quid

1193 3387 1443 3470 plura'l
1587 3386 1931 3468 Quicquid
1991 3386 2143 3450 Deo
2210 3386 2565 3468 Deumque
2623 3386 3057 3468 diligentibus

1190 3486 1529 3568 placebat,
1590 3486 1718 3550 hoc
1777 3485 1924 3567 regi
1994 3504 2360 3568 regemque
2426 3485 2880 3566 diligentibus
2934 3488 3059 3550 dis-

1190 3583 1508 3666 plicebat.
1610 3584 1934 3667 Sepultus
1967 3591 2074 3649 est
2120 3591 2349 3649 autem
2390 3583 2463 3648 in
2502 3585 2820 3651 crastino,
2852 3587 3060 3669 perdi-

1190 3682 1395 3747 tionis
1432 3702 1577 3747 suae
1621 3683 1804 3765 apud
1842 3684 2291 3761 Wintoniam,
2322 3676 2429 3746 'in
2468 3683 2665 3767 cujus
2708 3687 3060 3768 sepultura

1187 3781 1553 3866 lachrymae
1585 3781 1810 3847 locum
1839 3802 1983 3866 prae
2014 3783 2266 3865 gaudio
2298 3802 2437 3847 non
2468 3783 2841 3848 habebant.

1223 3971 1323 4035 De
1348 3971 1722 4037 coronatione
1748 3972 1906 4059 royis
1937 3972 2203 4037 Henrioi
2218 3972 2426 4058 primi
2458 3973 2615 4058 reyis
2640 3973 3008 4058 Anqlorum.

1286 4096 1629 4162 Defuncto
1662 4098 1897 4180 itaque
1923 4115 2083 4177 rege
2111 4095 2482 4172 willelmo,
2514 4114 2667 4158 cum
2700 4104 3059 4178 magnates

1187 4194 1460 4278 Angliae
1491 4197 1907 4278 ignorarent,
1943 4195 2106 4277 quid
2141 4201 2368 4259 actum
2401 4202 2583 4258 esset
2618 4195 2703 4258 de
2748 4195 3059 4260 Roberto

1252 4416 1270 4449 ¹
1301 4420 1367 4469 Et
1408 4420 1565 4484 saio-J
1626 4419 1975 4482 Huntingdon,
2041 4434 2094 4481 p.
2145 4418 2303 4467 Flor.:
2336 4417 2352 4445 ‘
2368 4418 2439 4466 ibi
2471 4415 2602 4465 infra
2623 4418 2871 4466 ambitum
2896 4418 3063 4477 tun-is,

1188 4492 1300 4539 8⁷8.
2142 4488 2408 4537 multorum
2464 4500 2723 4548 procerum
2791 4492 3062 4548 conventu,

1251 4555 1348 4607 'In
1369 4557 1547 4620 cuium]
1584 4557 1678 4606 ‘In
1708 4558 1865 4607 veteri
1898 4571 2092 4606 monas·
2140 4571 2414 4619 paucorum
2451 4556 2675 4617 planem,
2716 4559 2868 4607 terrae
2904 4557 3060 4606 tradi·

1177 4630 1321 4692 tario,
1356 4628 1409 4675 in
1443 4628 1658 4677 ecclesia
1693 4627 1854 4676 sancti
1900 4627 2041 4676 Petri
2061 4621 2090 4689 ς’
2139 4631 2242 4675 tum
2263 4622 2293 4689 ;'
2328 4626 2564 4675 Malmsb.
2589 4640 2643 4687 p.
2660 4628 2775 4676 509.
