3457 5887
1186 809 1313 873 17⁰
1685 823 1948 872 uocum
2000 824 2092 869 ns
2137 822 2548 871 wsnoovsn

860 1010 968 1050 Α».
996 1012 1105 1050 ιιοι.
1186 989 1347 1061 tem,
1382 983 1503 1047 sed
1543 1002 1704 1065 pars
1741 982 1963 1065 major
2002 982 2346 1046 exercitus
2379 1002 2453 1046 se
2494 982 2804 1046 Roberto
2837 982 3070 1046 subdi-

1182 1083 1286 1147 dit
1344 1083 1668 1147 venienti.
1798 1081 1973 1146 Cum
2041 1101 2208 1162 ergo
2266 1082 2449 1164 apud
2514 1081 3070 1146 Portaemutham

1186 1190 1347 1248 ante
1391 1181 1722 1248 kalendas
1761 1180 2068 1263 Augusti
2102 1181 2571 1264 applicuisset,
2608 1190 2679 1246 et
2715 1201 2842 1246 rex
2876 1181 3072 1245 tend-

1182 1290 1328 1348 eret
1362 1289 1605 1346 contra
1634 1301 1790 1346 eum
1824 1300 1979 1346 cum
2020 1281 2322 1346 exercitu
2371 1282 2678 1363 copioso,
2725 1282 3069 1364 principes

1183 1382 1526 1463 utrinque,
1551 1382 1840 1447 fratrum
1867 1400 2004 1443 non
2033 1380 2327 1445 serentes
2349 1381 2734 1458 dissidium,
2760 1375 3070 1445 ¹concor-

1183 1481 1315 1545 diae
1355 1480 1583 1546 foedus
1626 1481 1808 1545 inter
1858 1499 1981 1545 eos
2018 1480 2143 1546 tali
2187 1488 2392 1563 pacto
2430 1488 2853 1556 statuerunt,
2890 1481 3067 1562 quod

1184 1600 1309 1645 rex
1378 1581 1685 1645 Roberto
1748 1580 1948 1644 annis
2005 1579 2295 1662 singulis
2353 1580 2487 1644 tria
2537 1581 2757 1644 millia
2809 1599 3070 1643 marcas

1185 1681 1454 1761 argenti
1515 1681 1712 1744 daret
1771 1680 1860 1743 ab
1905 1677 2190 1761 Anglia,
2240 1687 2310 1744 et
2359 1679 2478 1760 qui
2530 1699 2767 1743 eorum
2816 1680 3069 1743 diutius

1185 1781 1449 1844 viveret
1488 1779 1709 1844 haeres
1749 1787 1932 1844 esset
1968 1778 2277 1854 alterius,
2315 1779 2374 1842 si
2407 1779 2669 1860 absque
2698 1779 2843 1842 filio
2870 1779 3067 1842 mori-

1186 1887 1396 1944 retur.
1502 1879 1661 1943 Hoc
1700 1885 1934 1943 autem
1974 1897 2131 1942 cum
2171 1897 2293 1964 per
2316 1878 2675 1942 duodecim
2715 1887 3068 1960 magnates

1181 1978 1493 2061 juratum
1542 1986 1725 2043 esset
1782 1978 2129 2060 utrinque,
2173 1979 2318 2042 dux
2365 1977 2716 2043 Robertus
2761 1978 3065 2061 perendi-

1190 2078 1383 2144 navit
1409 2098 1565 2142 cum
1602 2078 1815 2142 fratre
1844 2096 2064 2160 usque
2109 2078 2196 2141 ad
2227 2076 2476 2143 festum
2506 2079 2732 2142 sancti
2766 2077 3061 2142 Michae-

1188 2177 1298 2254 lis,
1345 2184 1417 2243 et
1465 2185 1708 2260 postea
1756 2178 1846 2241 ad
1893 2177 2171 2260 propria
2214 2177 2708 2242 transfretavit.
2815 2177 3059 2241 Eodem

1190 2296 1372 2341 anno
1437 2278 1810 2354 Henricus,
1871 2276 2261 2341 Romanum
2327 2277 2620 2360 adeptus
2684 2278 3064 2359 imperium,

1188 2371 1587 2459 imperavit²
1636 2377 1836 2441 annis
1891 2377 2176 2458 triginta
2232 2377 2552 2459 quinque.
2676 2376 3065 2458 Eodemque

1191 2485 1497 2559 tempore
1552 2496 1675 2540 rex
1730 2476 2077 2541 Henricus
2125 2475 2316 2541 dedit
2361 2475 2829 2558 episcopatum
2886 2476 3066 2539 Her-

1190 2576 1572 2641 sordensem
1609 2575 1970 2640 Reinelmo
2013 2575 2280 2640 cuidam
2324 2576 2472 2639 sine
2501 2575 2826 2639 electione
2853 2575 3068 2650 facta,

1191 2681 1262 2738 et
1293 2683 1538 2740 contra
1579 2676 1741 2740 novi
1786 2675 2061 2739 decreta
2090 2675 2359 2739 concilii
2404 2675 2629 2758 ipsum
2663 2675 2922 2757 publice
2957 2675 3066 2738 in-

1190 2776 1492 2839 vestivit.

1262 2923 1360 2988 De
1389 2922 1641 2989 concilio
1667 2922 1847 3009 apud
1870 2921 2225 2988 Londonias
2252 2920 2457 2987 habito
2483 2932 2540 2988 ot
2567 2922 3004 3009 ἄορι-(Λατίου

1769 3023 2152 3108 quorundam
2181 3021 2486 3086 abbatum.

873 3168 994 3267 333
1005 3168 1111 3256 21⁰²
1293 3144 1497 3211 Anno
1520 3146 1801 3210 Domini
1826 3162 2006 3209 Mon.
2031 3165 2156 3209 rex
2174 3145 2556 3229 Anglorum
2583 3146 2933 3213 Henricus
2957 3151 3067 3214 ob·

874 3268 1060 3307 Arundel
1191 3247 1367 3311 sedit
1395 3245 1755 3311 castellum
1790 3242 2122 3323 Arundel,
2157 3246 2341 3329 quod
2373 3254 2521 3311 erat
2544 3247 2723 3330 juris
2747 3242 3065 3313 ³Roberti

870 3318 1014 3357 ⁰⁸⁸⁰*
1193 3346 1276 3410 de
1322 3346 1643 3410 Bleasmo
1696 3351 1939 3409 contra
1997 3364 2227 3426 regem
2269 3345 2440 3409 illud
2484 3347 2888 3429 retinentis3
2954 3349 3066 3413 sed

1194 3465 1347 3509 cum
1372 3464 1584 3528 grave
1611 3452 1794 3508 esset
1815 3444 1902 3508 ad
1925 3444 2482 3527 expugnandum,
2505 3447 2863 3512 castellum
2888 3449 3069 3512 aliud

1194 3544 1493 3626 ligneum
1539 3551 1780 3608 contra
1819 3542 1986 3607 illud
2032 3545 2444 3622 construxit,
2489 3553 2559 3609 et
2607 3547 2880 3611 interim
2925 3568 3070 3613 cas-

1196 3643 1433 3708 tellum
1474 3643 1559 3707 de
1604 3643 1875 3725 Bruges
1919 3642 2183 3707 obsedit
2226 3650 2297 3707 et
2340 3645 2545 3727 cepit,
2586 3645 2804 3710 donec
2854 3648 3071 3712 reddi·

1195 3750 1342 3807 tum
1390 3750 1539 3806 erat
1582 3743 1645 3805 ei
1689 3742 2046 3806 castellum
2088 3742 2417 3820 Arundel,
2462 3752 2555 3821 et,
2599 3753 2805 3828 capto
2851 3749 3073 3811 muni-

1193 3843 1395 3928 cipio,
1444 3862 1570 3906 rex
1608 3841 1990 3906 Robertum
2032 3842 2117 3906 de
2159 3842 2476 3907 Bleasmo
2527 3845 2612 3907 ab
2644 3844 2909 3927 Anglia
2957 3868 3074 3912 ex-

1193 3941 1469 4006 sulavit.
1574 3941 1834 4006 Eodem
1886 3960 2066 4006 anno
2114 3940 2509 4019 Anselmus,
2555 3942 3074 4010 cantuariensis

1263 4098 1278 4129 ¹
1309 4101 1782 4160 Concordioesoedus.
1807 4093 1830 4168 ]
1853 4099 1960 4148 The
1992 4114 2106 4148 con·
2154 4115 2322 4162 many,
2355 4101 2406 4148 in
2433 4104 2587 4160 11063
2631 4103 2725 4151 but
2757 4103 2850 4152 did
2883 4110 2976 4153 not
3004 4120 3076 4153 re·

1193 4172 1380 4221 ditions
1423 4187 1508 4221 are
1551 4173 1698 4232 given
1742 4171 1809 4231 by
1853 4169 1938 4218 the
1984 4170 2104 4219 Sax.
2155 4170 2295 4219 ceive
2336 4170 2422 4218 the
2460 4171 2687 4231 imperial
2736 4187 2908 4222 crown
2949 4175 3074 4223 until

1191 4242 1378 4292 Chron.
1401 4243 1502 4291 and
1526 4241 1781 4290 Florence.
2158 4239 2274 4288 Isth
2306 4239 2365 4287 of
2390 4240 2538 4300 April
2566 4244 2713 4291 1111.
2787 4243 2888 4291 His
2922 4245 3072 4293 death

1260 4310 1282 4342 ²
1298 4311 1562 4375 Imperavit
1574 4311 1717 4359 annis
1739 4309 1950 4371 triginta
1965 4308 2106 4372 quin-
2156 4311 2200 4358 is
2222 4309 2462 4357 recorded
2475 4310 2638 4358 below
2654 4311 2844 4374 rightly
2858 4314 2912 4361 in
2935 4318 3072 4364 1126.

1189 4384 1320 4446 qua]
1346 4382 1453 4430 The
1474 4395 1701 4442 emperor
1722 4380 1897 4440 Hem-y
1912 4380 1976 4429 V.
2000 4394 2107 4428 was
2224 4376 2245 4407 ⁸
2270 4378 2471 4427 Roberti
2491 4382 2549 4427 de
2583 4381 2854 4445 BteamJ
2889 4384 3076 4432 Robert

1190 4452 1474 4501 associated
1496 4450 1619 4500 with
1644 4450 1722 4498 his
1757 4450 1919 4498 father
1949 4450 2000 4497 in
2023 4448 2106 4497 the
2155 4448 2218 4496 de
2242 4448 2490 4508 Belesme‚
2515 4450 2620 4498 earl
2642 4451 2701 4499 of
2715 4451 3070 4514 Shrewsbury:

1188 4522 1396 4583 empire,
1432 4522 1481 4568 in
1524 4525 1679 4580 1⁰⁰85
1712 4519 2012 4579 succeeded,
2044 4533 2105 4566 on
2156 4518 2217 4579 by
2242 4518 2326 4567 the
2360 4518 2514 4568 castle
2546 4519 2605 4568 os
2634 4520 2851 4584 Bruges,
2886 4523 3075 4585 Bridg-

1190 4592 1269 4641 his
1291 4586 1493 4640 father‘s
1509 4589 1681 4653 death,
1696 4604 1754 4638 as
1772 4588 1894 4651 king
1911 4590 1969 4638 of
1980 4590 2109 4639 Ger·
2153 4587 2296 4636 north
2320 4590 2365 4636 is
2387 4589 2641 4639 intended.
